{"quoteResponse": {"result": [{"language": "en-US", "region": "US", "quoteType": "EQUITY", "quoteSourceName": "Nasdaq Real Time Price", "triggerable": true, "quoteSummary": {"earnings": {"maxAge": 86400, "earningsChart": {"quarterly": [{"date": "3Q2019", "actual": 0.27, "estimate": 0.2}, {"date": "4Q2019", "actual": 0.31, "estimate": 0.23}, {"date": "1Q2020", "actual": 0.28, "estimate": 0.19}, {"date": "2Q2020", "actual": 0.41, "estimate": 0.29}], "currentQuarterEstimate": 0.15, "currentQuarterEstimateDate": "3Q", "currentQuarterEstimateYear": 2020, "earningsDate": [1604534400]}, "financialsChart": {"yearly": [{"date": 2016, "revenue": 2949766000, "earnings": -536587000}, {"date": 2017, "revenue": 4315502000, "earnings": 342627000}, {"date": 2018, "revenue": 4581673000, "earnings": -609155000}, {"date": 2019, "revenue": 5125657000, "earnings": -424150000}], "quarterly": [{"date": "3Q2019", "revenue": 1300570000, "earnings": -181630000}, {"date": "4Q2019", "revenue": 1298283000, "earnings": -71993000}, {"date": "1Q2020", "revenue": 1369752000, "earnings": -300293000}, {"date": "2Q2020", "revenue": 1331387000, "earnings": -106741000}]}, "financialCurrency": "USD"}}, "currency": "USD", "firstTradeDateMilliseconds": 1516372200000, "priceHint": 2, "totalCash": 45473000.0, "floatShares": 87544371, "ebitda": 2174804992, "shortRatio": 2.92, "preMarketChange": 0.06400013, "preMarketChangePercent": 0.9116828, "preMarketTime": 1603977380, "targetPriceHigh": 17.0, "targetPriceLow": 10.0, "targetPriceMean": 12.89, "targetPriceMedian": 13.0, "preMarketPrice": 7.084, "heldPercentInsiders": 1.843, "heldPercentInstitutions": 95.273, "regularMarketChange": 0.0, "regularMarketChangePercent": 0.0, "regularMarketTime": 1603978200, "regularMarketPrice": 7.02, "regularMarketDayHigh": 7.02, "regularMarketDayRange": "7.02 - 7.02", "regularMarketDayLow": 7.02, "regularMarketVolume": 18532, "sharesShort": 17193171, "sharesShortPrevMonth": 15795059, "shortPercentFloat": 15.38, "regularMarketPreviousClose": 7.02, "bid": 7.0, "ask": 0.0, "bidSize": 32, "askSize": 22, "exchange": "NYQ", "market": "us_market", "messageBoardId": "finmb_33386", "fullExchangeName": "NYSE", "shortName": "ADT Inc.", "longName": "ADT Inc.", "regularMarketOpen": 7.01, "averageDailyVolume3Month": 7198660, "averageDailyVolume10Day": 2932912, "beta": 2.389128, "fiftyTwoWeekLowChange": 3.615, "fiftyTwoWeekLowChangePercent": 1.061674, "fiftyTwoWeekRange": "3.405 - 17.21", "fiftyTwoWeekHighChange": -10.189999, "fiftyTwoWeekHighChangePercent": -0.5920976, "fiftyTwoWeekLow": 3.405, "fiftyTwoWeekHigh": 17.21, "dividendDate": 1601596800, "exDividendDate": 1600300800, "earningsTimestamp": 1604610000, "earningsTimestampStart": 1604610000, "earningsTimestampEnd": 1604610000, "trailingAnnualDividendRate": 0.14, "pegRatio": 0.67, "dividendsPerShare": 0.14, "dividendRate": 0.14, "trailingAnnualDividendYield": 0.01994302, "dividendYield": 1.9, "revenue": 5299992100.0, "priceToSales": 1.0929732, "marketState": "REGULAR", "epsTrailingTwelveMonths": -0.882, "epsForward": 1.14, "epsCurrentYear": 1.14, "epsNextQuarter": 0.31, "priceEpsCurrentYear": 6.1578946, "priceEpsNextQuarter": 22.64516, "sharesOutstanding": 770433984, "bookValue": 3.627, "fiftyDayAverage": 8.510278, "fiftyDayAverageChange": -1.4902778, "fiftyDayAverageChangePercent": -0.17511505, "twoHundredDayAverage": 8.267, "twoHundredDayAverageChange": -1.2470002, "twoHundredDayAverageChangePercent": -0.15084071, "marketCap": 5792749568, "forwardPE": 6.1578946, "priceToBook": 1.9354838, "sourceInterval": 15, "exchangeDataDelayedBy": 0, "exchangeTimezoneName": "America/New_York", "exchangeTimezoneShortName": "EDT", "pageViews": {"midTermTrend": "UP", "longTermTrend": "UP", "shortTermTrend": "UP"}, "gmtOffSetMilliseconds": -14400000, "esgPopulated": false, "tradeable": false, "symbol": "ADT"}, {"language": "en-US", "region": "US", "quoteType": "EQUITY", "quoteSourceName": "Nasdaq Real Time Price", "triggerable": true, "quoteSummary": {"earnings": {"maxAge": 86400, "earningsChart": {"quarterly": [{"date": "3Q2019", "actual": -0.57, "estimate": 0.21}, {"date": "4Q2019", "actual": -0.29, "estimate": 0.22}, {"date": "1Q2020", "actual": -0.81, "estimate": 0.22}, {"date": "2Q2020", "actual": 0.18, "estimate": 0.21}], "currentQuarterEstimate": 0.22, "currentQuarterEstimateDate": "3Q", "currentQuarterEstimateYear": 2020, "earningsDate": [1603843200]}, "financialsChart": {"yearly": [{"date": 2016, "revenue": 16944000, "earnings": 9711000}, {"date": 2017, "revenue": 0, "earnings": 2325000}, {"date": 2018, "revenue": 0, "earnings": 66608000}, {"date": 2019, "revenue": 849598000, "earnings": -355114000}], "quarterly": [{"date": "3Q2019", "revenue": 272658000, "earnings": -289477000}, {"date": "4Q2019", "revenue": 256899000, "earnings": -144559000}, {"date": "1Q2020", "revenue": 261313000, "earnings": -392933000}, {"date": "2Q2020", "revenue": 237342000, "earnings": 88441000}]}, "financialCurrency": "USD"}}, "components": ["^FUMNTR", "^NQMAMLP", "^WEALTHGN", "^WEALTHGL", "^INWNTR", "^FUM", "^RSD", "^INW", "^RSDNTR"], "currency": "USD", "firstTradeDateMilliseconds": 1493904600000, "priceHint": 2, "totalCash": 2997000.0, "floatShares": 312385542, "ebitda": 708422976, "shortRatio": 2.96, "preMarketChange": 0.12099981, "preMarketChangePercent": 1.9934071, "preMarketTime": 1603977180, "targetPriceHigh": 11.0, "targetPriceLow": 4.0, "targetPriceMean": 6.33, "targetPriceMedian": 6.0, "preMarketPrice": 6.191, "heldPercentInsiders": 34.675, "heldPercentInstitutions": 68.272, "regularMarketChange": 0.01999998, "regularMarketChangePercent": 0.32948896, "regularMarketTime": 1603978202, "regularMarketPrice": 6.09, "regularMarketDayHigh": 6.12, "regularMarketDayRange": "6.09 - 6.12", "regularMarketDayLow": 6.09, "regularMarketVolume": 117639, "sharesShort": 14180806, "sharesShortPrevMonth": 16030249, "shortPercentFloat": 6.39, "regularMarketPreviousClose": 6.07, "bid": 5.0, "ask": 0.0, "bidSize": 40, "askSize": 31, "exchange": "NYQ", "market": "us_market", "messageBoardId": "finmb_276417619", "fullExchangeName": "NYSE", "shortName": "Antero Midstream Corporation", "longName": "Antero Midstream Corporation", "regularMarketOpen": 5.92, "averageDailyVolume3Month": 4876123, "averageDailyVolume10Day": 4323625, "beta": 3.456559, "fiftyTwoWeekLowChange": 4.4, "fiftyTwoWeekLowChangePercent": 2.6035502, "fiftyTwoWeekRange": "1.69 - 7.87", "fiftyTwoWeekHighChange": -1.7799997, "fiftyTwoWeekHighChangePercent": -0.22617532, "fiftyTwoWeekLow": 1.69, "fiftyTwoWeekHigh": 7.87, "dividendDate": 1597190400, "exDividendDate": 1603843200, "earningsTimestamp": 1603901717, "earningsTimestampStart": 1603901717, "earningsTimestampEnd": 1603901717, "trailingAnnualDividendRate": 1.23, "pegRatio": 1.31, "dividendsPerShare": 1.23, "dividendRate": 1.23, "trailingAnnualDividendYield": 0.20263591, "dividendYield": 18.98, "revenue": 1028211970.0, "priceToSales": 2.822838, "marketState": "REGULAR", "epsTrailingTwelveMonths": -1.502, "epsForward": 0.92, "epsCurrentYear": -0.26, "epsNextQuarter": 0.22, "priceEpsCurrentYear": -23.423079, "priceEpsNextQuarter": 27.68182, "sharesOutstanding": 476596992, "bookValue": 5.295, "fiftyDayAverage": 5.806667, "fiftyDayAverageChange": 0.2833333, "fiftyDayAverageChangePercent": 0.048794482, "twoHundredDayAverage": 5.5319285, "twoHundredDayAverageChange": 0.5580716, "twoHundredDayAverageChangePercent": 0.10088193, "marketCap": 2902475776, "forwardPE": 6.6195655, "priceToBook": 1.1501416, "sourceInterval": 15, "exchangeDataDelayedBy": 0, "exchangeTimezoneName": "America/New_York", "exchangeTimezoneShortName": "EDT", "pageViews": {"midTermTrend": "UP", "longTermTrend": "UP", "shortTermTrend": "UP"}, "gmtOffSetMilliseconds": -14400000, "esgPopulated": false, "tradeable": false, "symbol": "AM"}, {"language": "en-US", "region": "US", "quoteType": "EQUITY", "quoteSourceName": "Nasdaq Real Time Price", "triggerable": true, "quoteSummary": {"earnings": {"maxAge": 86400, "earningsChart": {"quarterly": [{"date": "4Q2019", "actual": 0.32, "estimate": 0.31}, {"date": "1Q2020", "actual": 0.18, "estimate": 0.18}, {"date": "2Q2020", "actual": 0.18, "estimate": 0.16}, {"date": "3Q2020", "actual": 0.41, "estimate": 0.36}], "currentQuarterEstimate": 0.46, "currentQuarterEstimateDate": "4Q", "currentQuarterEstimateYear": 2020, "earningsDate": [1611619200, 1612137600]}, "financialsChart": {"yearly": [{"date": 2016, "revenue": 4319000000, "earnings": -498000000}, {"date": 2017, "revenue": 5253000000, "earnings": -33000000}, {"date": 2018, "revenue": 6475000000, "earnings": 337000000}, {"date": 2019, "revenue": 6731000000, "earnings": 341000000}], "quarterly": [{"date": "4Q2019", "revenue": 2127000000, "earnings": 170000000}, {"date": "1Q2020", "revenue": 1786000000, "earnings": 162000000}, {"date": "2Q2020", "revenue": 1932000000, "earnings": 157000000}, {"date": "3Q2020", "revenue": 2801000000, "earnings": 390000000}]}, "financialCurrency": "USD"}}, "components": ["^NQDMXJPLMAUD", "^NQDOG", "^NQUSBLM", "^NQDMXKRMCCADN", "^NQDXUSMLTCGN", "^NQUS500LCGN", "^NQDMXKRMCAUD", "^NQUSB9576LMGBPN", "^NQUSB9576LM", "^NQNALMEURN", "^NQSSSEN", "^NQUSB9000LMJPYN", "^NQUSBLMCAD", "^NQUSB9000LMEURN", "^NQDMXKRJPYN", "^NQDMXKRLMAUDN", "^NQNA9000LMGBPN", "^NQUSB9570LMJPY", "^NQDMXJPLMAUDN", "^NQDMXKRLMAUD", "^NQUSBLMJPY", "^NQNA9000LMEUR", "^NQNA9000LMCAD", "^NQGXGBLMN", "^NQUSB9000LMEUR", "^NQDXUSLCEUR", "^NQDXUSLCG", "^NQUSB9000LMCAD", "^NQDM9000LMJPY", "^NQG9000LMCADN", "^NQDMXKRAUD", "^NQDMXKRLMGBPN", "^NQGXGBLMGBPN", "^NQDM9000LMEURN", "^NQGXJPLMJPYN", "^NQNALMCADN", "^NQUSBLMEUR", "^NQG9000LMGBP", "^NQDM9000LMJPYN", "^NQNALMJPY", "^NQGXGBLMJPY", "^NQUSB9570LMGBPN", "^SOX", "^IXCO", "^NQGXJPLMJPY", "^NQDMXKR", "^NQDMXGBLMCADN", "^NQUSB9000LMJPY", "^NQGXGBLMEURN", "^NQGXJPLMCAD", "^NQGXJPLMEUR", "^NQDMXJPLMGBPN", "^NQDMXJPLMN", "^NQDMXKRMCEURN", "^NQDM9000LMAUD", "^NQDMXKRLMCADN", "^NQSSSE", "^NQUSB9000LMN", "^NQDXUSLC", "^NQUSB9570LMAUDN", "^NQGXGBLMJPYN", "^NQG9000LMJPYN", "^NQUSBLMEURN", "^NQDMXKRMCJPYN", "^NQDMXKRJPY", "^NQUSB9570LM", "^NQUSMLTCG", "^NQG9000LMAUD", "^NQUSB9576LMGBP", "^NQGXJPLMGBPN", "^NQUSB9000LMCADN", "^IXIC", "^NQNALM", "^NQUS500LC", "^NQDMXGBLMJPY", "^NQFFUSGN", "^NQNALMAUD", "^NQNA9000LMN", "^NQDXUSLCN", "^NQGXGBLMAUD", "^NQUSBLMN", "^NQDMXJPLMGBP", "^NQUSB9570LMCADN", "^NQDMXKRLMEUR", "^NQNALMAUDN", "^GMB", "^NQG9000LMEURN", "^NQUSB9576LMJPYN", "^NQDM9000LMCADN", "^NQDMXKRLMCAD", "^NQDMXGBLM", "^NQDMXKRMCJPY", "^NQUSB9570LMAUD", "^NQUSB9576LMAUD", "^NQNA9000LMGBP", "^NQDMXGBLMJPYN", "^NQDOGN", "^NQG9000LMN", "^NQDMXKRLMJPY", "^NQUSBLMJPYN", "^NQDM9000LMN", "^NQDMXGBLMCAD", "^NQDMXGBLMEURN", "^NQDMXKRGBPN", "^NQDMXGBLMEUR", "^NQDMXKRMCEUR", "^NQDMXKRAUDN", "^NQDMXKRLMJPYN", "^NQUSBLMCADN", "^NQDMXGBLMN", "^NQDMXKRMCCAD", "^NQNALMGBPN", "^NQGXGBLMCADN", "^NQGXJPLMCADN", "^NQGXJPLM", "^NQUSB9576LMEURN", "^NQNA9000LMAUD", "^NQUSB9570LMGBP", "^NQUSBLMGBP", "^NQNALMN", "^NQUSB9000LMAUD", "^NQNA9000LM", "^NQUSB9570LMEURN", "^NQDMXKRMCN", "^SX", "^NQGXJPLMAUDN", "^NQDMXKRLM", "^NQDM9000LMGBP", "^NQUSMLTCGN", "^NQNALMGBP", "^NQDMXJPLMJPYN", "^NQG9000LMEUR", "^NQGXGBLM", "^NQG9000LMCAD", "^NQDMXKRN", "^NQUSB9570LMN", "^NQDMXKRMCGBPN", "^NQCRDN", "^NQDMXJPLMEURN", "^NQG9000LMJPY", "^NQDXUSMLTCG", "^NQNA9000LMJPYN", "^NQFFUSMN", "^NQDMXJPLM", "^NQDMXKREUR", "^NQGXJPLMGBP", "^NQDM9000LMAUDN", "^NQDMXKRLMEURN", "^NQUSBLMAUD", "^NQGXGBLMGBP", "^NQDMXKRCAD", "^NQDMXKRMC", "^NQNA9000LMEURN", "^NQUSMGN", "^NQUSB9000LMAUDN", "^NQUSB9000LMGBP", "^NQDXUSLCEURN", "^GMBNTR", "^NQNA9000LMAUDN", "^NQG9000LMAUDN", "^NQUSB9576LMN", "^XCQ", "^NQNALMCAD", "^XCI", "^NQGXJPLMEURN", "^NQDM9000LM", "^NQDXUSLCGBP", "^NQGXJPLMN", "^NQNALMEUR", "^NQFFUSG", "^RCMP", "^NQGXGBLMEUR", "^NQUSB9576LMJPY", "^NQDMXKRGBP", "^NQDM9000LMEUR", "^NQFFUSM", "^NQDM9000LMCAD", "^NQDMXGBLMGBPN", "^NQCRD", "^NQDMXKRCADN", "^NQGXGBLMCAD", "^NQDMXGBLMGBP", "^NQUSB9576LMCADN", "^NQDM9000LMGBPN", "^NQDXUSLCGBPN", "^NQUSB9570LMJPYN", "^NQG9000LM", "^NQUSBLMGBPN", "^NQDMXKRLMN", "^NQGXJPLMAUD", "^NQDMXGBLMAUDN", "^NQUSB9000LM", "^NQDMXJPLMJPY", "^NQDXUSLCGN", "^NQUS500LCG", "^NQDMXKREURN", "^NQNALMJPYN", "^NQUSB9000LMGBPN", "^NQUSB9576LMCAD", "^NQG9000LMGBPN", "^NQUSB9576LMEUR", "^NQDMXJPLMCADN", "^NQUSB9570LMCAD", "^NQUSB9570LMEUR", "^NQDMXKRMCGBP", "^NQDMXGBLMAUD", "^NQUSBLMAUDN", "^NQNA9000LMJPY", "^DWUSSR", "^NQDMXJPLMCAD", "^NQDMXKRMCAUDN", "^NQDMXJPLMEUR", "^NQDMXKRLMGBP", "^NQGXGBLMAUDN", "^NQUSB9576LMAUDN", "^NQUS500LCN", "^NQNA9000LMCADN"], "currency": "USD", "firstTradeDateMilliseconds": 322151400000, "priceHint": 2, "totalCash": 1771000060.0, "floatShares": 1175380480, "ebitda": 1427000064, "shortRatio": 0.52, "preMarketChange": 0.44999695, "preMarketChangePercent": 0.58900124, "preMarketTime": 1603978199, "targetPriceHigh": 120.0, "targetPriceLow": 13.0, "targetPriceMean": 86.66, "targetPriceMedian": 88.6, "preMarketPrice": 76.85, "heldPercentInsiders": 0.605, "heldPercentInstitutions": 78.194, "postMarketChangePercent": 0.05235722, "postMarketTime": 1603929596, "postMarketPrice": 76.44, "postMarketChange": 0.040000916, "regularMarketChange": -2.4799957, "regularMarketChangePercent": -3.144011, "regularMarketTime": 1603915202, "regularMarketPrice": 76.4, "regularMarketDayHigh": 78.96, "regularMarketDayRange": "75.76 - 78.96", "regularMarketDayLow": 75.76, "regularMarketVolume": 690681, "sharesShort": 26672404, "sharesShortPrevMonth": 32522162, "shortPercentFloat": 2.29, "regularMarketPreviousClose": 78.88, "bid": 76.46, "ask": 76.84, "bidSize": 10, "askSize": 10, "exchange": "NMS", "market": "us_market", "messageBoardId": "finmb_168864", "fullExchangeName": "NasdaqGS", "shortName": "Advanced Micro Devices, Inc.", "longName": "Advanced Micro Devices, Inc.", "regularMarketOpen": 78.73, "averageDailyVolume3Month": 57705043, "averageDailyVolume10Day": 62298250, "beta": 2.290678, "fiftyTwoWeekLowChange": 43.58, "fiftyTwoWeekLowChangePercent": 1.3278489, "fiftyTwoWeekRange": "32.82 - 94.28", "fiftyTwoWeekHighChange": -17.879997, "fiftyTwoWeekHighChangePercent": -0.18964782, "fiftyTwoWeekLow": 32.82, "fiftyTwoWeekHigh": 94.28, "exDividendDate": 798940800, "earningsTimestamp": 1603785600, "earningsTimestampStart": 1611658740, "earningsTimestampEnd": 1612180800, "trailingPE": 103.52304, "pegRatio": 1.57, "dividendsPerShare": 0.0, "revenue": 8645999600.0, "priceToSales": 10.619565, "marketState": "REGULAR", "epsTrailingTwelveMonths": 0.738, "epsForward": 1.81, "epsCurrentYear": 1.22, "epsNextQuarter": 0.35, "priceEpsCurrentYear": 62.62295, "priceEpsNextQuarter": 218.28572, "sharesOutstanding": 1201789952, "bookValue": 3.266, "fiftyDayAverage": 80.694725, "fiftyDayAverageChange": -4.2947235, "fiftyDayAverageChangePercent": -0.053221863, "twoHundredDayAverage": 67.31864, "twoHundredDayAverageChange": 9.08136, "twoHundredDayAverageChangePercent": 0.13490112, "marketCap": 91816755200, "forwardPE": 42.209946, "priceToBook": 23.392529, "sourceInterval": 15, "exchangeDataDelayedBy": 0, "exchangeTimezoneName": "America/New_York", "exchangeTimezoneShortName": "EDT", "pageViews": {"midTermTrend": "UP", "longTermTrend": "UP", "shortTermTrend": "UP"}, "gmtOffSetMilliseconds": -14400000, "esgPopulated": false, "tradeable": false, "symbol": "AMD"}, {"language": "en-US", "region": "US", "quoteType": "EQUITY", "quoteSourceName": "Delayed Quote", "triggerable": true, "quoteSummary": {"earnings": {"maxAge": 86400, "earningsChart": {"quarterly": [{"date": "3Q2019", "actual": 0.14, "estimate": 0.35}, {"date": "4Q2019", "actual": -0.35, "estimate": -0.24}, {"date": "1Q2020", "actual": -0.03, "estimate": -0.08}, {"date": "2Q2020", "actual": 1.62, "estimate": 0.65}], "currentQuarterEstimate": 0.96, "currentQuarterEstimateDate": "3Q", "currentQuarterEstimateYear": 2020, "earningsDate": [1604275200]}, "financialsChart": {"yearly": [{"date": 2016, "revenue": 3516307000, "earnings": 188885000}, {"date": 2017, "revenue": 4279830000, "earnings": 29853000}, {"date": 2018, "revenue": 4792017000, "earnings": 10398000}, {"date": 2019, "revenue": 4892019000, "earnings": -60591000}], "quarterly": [{"date": "3Q2019", "revenue": 1387972000, "earnings": -30692000}, {"date": "4Q2019", "revenue": 964931000, "earnings": -28521000}, {"date": "1Q2020", "revenue": 1027273000, "earnings": -8160000}, {"date": "2Q2020", "revenue": 1606745000, "earnings": 58077000}]}, "financialCurrency": "USD"}}, "currency": "USD", "firstTradeDateMilliseconds": 1475847000000, "priceHint": 2, "totalCash": 227902000.0, "floatShares": 28750301, "ebitda": 318767008, "shortRatio": 2.12, "preMarketChange": 0.07999992, "preMarketChangePercent": 0.28653267, "preMarketTime": 1603978181, "targetPriceHigh": 50.0, "targetPriceLow": 27.0, "targetPriceMean": 37.5, "targetPriceMedian": 37.0, "preMarketPrice": 28.0, "heldPercentInsiders": 2.84, "heldPercentInstitutions": 94.42, "postMarketChangePercent": 1.0028678, "postMarketTime": 1603924933, "postMarketPrice": 28.2, "postMarketChange": 0.2800007, "regularMarketChange": 0.17000008, "regularMarketChangePercent": 0.6126129, "regularMarketTime": 1603915201, "regularMarketPrice": 27.92, "regularMarketDayHigh": 28.37, "regularMarketDayRange": "26.6855 - 28.37", "regularMarketDayLow": 26.6855, "regularMarketVolume": 1270376, "sharesShort": 5260822, "sharesShortPrevMonth": 6687537, "shortPercentFloat": 19.68, "regularMarketPreviousClose": 27.75, "bid": 25.99, "ask": 28.45, "bidSize": 10, "askSize": 8, "exchange": "NYQ", "market": "us_market", "messageBoardId": "finmb_249110868", "fullExchangeName": "NYSE", "shortName": "Camping World Holdings, Inc.", "longName": "Camping World Holdings, Inc.", "regularMarketOpen": 26.94, "averageDailyVolume3Month": 2881829, "averageDailyVolume10Day": 1661262, "beta": 3.742971, "fiftyTwoWeekLowChange": 24.52, "fiftyTwoWeekLowChangePercent": 7.211765, "fiftyTwoWeekRange": "3.4 - 42.49", "fiftyTwoWeekHighChange": -14.570002, "fiftyTwoWeekHighChangePercent": -0.34290424, "fiftyTwoWeekLow": 3.4, "fiftyTwoWeekHigh": 42.49, "dividendDate": 1601251200, "exDividendDate": 1599782400, "earningsTimestamp": 1604323800, "earningsTimestampStart": 1604323800, "earningsTimestampEnd": 1604323800, "trailingAnnualDividendRate": 0.32, "pegRatio": 0.31, "dividendsPerShare": 0.32, "dividendRate": 0.92, "trailingAnnualDividendYield": 0.011531531, "dividendYield": 3.32, "revenue": 4986921000.0, "priceToSales": 0.4960052, "marketState": "REGULAR", "epsTrailingTwelveMonths": -0.248, "epsForward": 2.8, "epsCurrentYear": 2.57, "epsNextQuarter": 0.11, "priceEpsCurrentYear": 10.863813, "priceEpsNextQuarter": 253.81818, "sharesOutstanding": 37887200, "bookValue": 0.222, "fiftyDayAverage": 30.807777, "fiftyDayAverageChange": -2.8877773, "fiftyDayAverageChangePercent": -0.09373534, "twoHundredDayAverage": 26.237, "twoHundredDayAverageChange": 1.6830006, "twoHundredDayAverageChangePercent": 0.06414608, "marketCap": 2473538816, "forwardPE": 9.971429, "priceToBook": 125.76576, "sourceInterval": 15, "exchangeDataDelayedBy": 0, "exchangeTimezoneName": "America/New_York", "exchangeTimezoneShortName": "EDT", "pageViews": {"midTermTrend": "UP", "longTermTrend": "UP", "shortTermTrend": "DOWN"}, "gmtOffSetMilliseconds": -14400000, "esgPopulated": false, "tradeable": false, "symbol": "CWH"}, {"language": "en-US", "region": "US", "quoteType": "EQUITY", "quoteSourceName": "Nasdaq Real Time Price", "triggerable": true, "quoteSummary": {"earnings": {"maxAge": 86400, "earningsChart": {"quarterly": [{"date": "4Q2019", "actual": 1.7, "estimate": 1.4}, {"date": "1Q2020", "actual": -0.51, "estimate": -0.7}, {"date": "2Q2020", "actual": -4.43, "estimate": -4.07}, {"date": "3Q2020", "actual": -3.3, "estimate": -3.0}], "currentQuarterEstimate": -2.28, "currentQuarterEstimateDate": "4Q", "currentQuarterEstimateYear": 2020, "earningsDate": [1610409600, 1610928000]}, "financialsChart": {"yearly": [{"date": 2016, "revenue": 39450000000, "earnings": 4195000000}, {"date": 2017, "revenue": 41138000000, "earnings": 3205000000}, {"date": 2018, "revenue": 44438000000, "earnings": 3935000000}, {"date": 2019, "revenue": 47007000000, "earnings": 4767000000}], "quarterly": [{"date": "4Q2019", "revenue": 11439000000, "earnings": 1098000000}, {"date": "1Q2020", "revenue": 8592000000, "earnings": -534000000}, {"date": "2Q2020", "revenue": 1468000000, "earnings": -5717000000}, {"date": "3Q2020", "revenue": 3062000000, "earnings": -5379000000}]}, "financialCurrency": "USD"}}, "components": ["^NQDMXJPLMAUD", "^NQUSBLM", "^NQG5700LMCADN", "^NQDM5700LMJPYN", "^NQDMXUS2000N", "^NQSHYL", "^NQDM5000LMGBPN", "^NQDM5700LM", "^NQDMXUSSCAUDN", "^NQDM5700LMEURN", "^NQUSB5000LM", "^NQNALMEURN", "^NQUSBLMCAD", "^NQDMXUS2000JPY", "^NQUSB5751LMGBP", "^NQDMXKRJPYN", "^NQDMXKRSCJPY", "^NQDMXKRLMAUDN", "^NQDMXNASCAUD", "^NQDMXKRSCGBPN", "^NQG5700LMGBP", "^NQDMXNAXKRSC", "^NQNA5000LMAUDN", "^NQUSB5751LMAUDN", "^NQDMXNASCEURN", "^NQDM5700LMN", "^NQDMXJPLMAUDN", "^NQDMXKRLMAUD", "^NQUSBLMJPY", "^NQUSB5000LMGBPN", "^NQDM5000LM", "^NQDM5000LMGBP", "^NQDMXKRSC", "^NQDMXNAXKRCADN", "^NQGXGBLMN", "^NQUS500LCVN", "^NQDMXNASCJPYN", "^NQDMXKRLCJPY", "^NQUSB5700LMEUR", "^NQG5000LMEUR", "^NQUSB5751LMCADN", "^NQDXUSLCEUR", "^NQG5000LMCAD", "^NQDMXUSXKRGBP", "^NQDMXUSSCCADN", "^NQDMXUSXKRSCAUDN", "^NQNA5000LMAUD", "^NQDM5000LMN", "^NQDMXKRAUD", "^NQDMXKRLMGBPN", "^NQDXUSMLTCVN", "^NQGXGBLMGBPN", "^NQNA5000LMCADN", "^NQDMXUSXKRGBPN", "^NQDMXUSXKR", "^NQGXJPLMJPYN", "^NQNALMCADN", "^NQUSBLMEUR", "^NQGXUSSCN", "^NQDMXNAXKRAUDN", "^NQNALMJPY", "^NQG5700LMAUD", "^NQUSB5751LM", "^NQDMXNAXKRSCAUDN", "^NQDMXNAXKRSCN", "^NQG5000LMJPY", "^NQGXGBLMJPY", "^NQUSB5700LMN", "^NQDMXNAXKRSCCAD", "^NQDMXUS2000GBPN", "^NQGXJPLMJPY", "^NQDMXKR", "^NQDMXGBLMCADN", "^NQDM5700LMJPY", "^NQUSB5700LMCAD", "^NQDMXNAXKRSCEUR", "^NQUSB5751LMAUD", "^NQDMXKRLCN", "^NQGXGBLMEURN", "^NQDMXUSSC", "^NQGXJPLMCAD", "^NQUSB5000LMGBP", "^NQGXJPLMEUR", "^NQNA5700LMEURN", "^NQDMXNAXKRJPYN", "^NQDMXJPLMGBPN", "^NQUSLV", "^NQDMXJPLMN", "^NQNA5000LMJPY", "^NQDMXUSXKRSCGBPN", "^NQDMXUSXKRSCGBP", "^NQDMXKRLCJPYN", "^NQDMXKRLMCADN", "^NQDMXUSXKREURN", "^NQNA5000LMGBPN", "^NQDMXKRLCEUR", "^NQUSB5700LMGBP", "^NQDXUSLC", "^NQGXGBLMJPYN", "^NQNA5700LM", "^NQDMXNASCJPY", "^NQUSBLMEURN", "^NQDMXNAXKR", "^NQDMXKRJPY", "^NQDMXUS2000AUDN", "^NQDMXUSXKRJPYN", "^NQDMXKRLCCAD", "^NQDMXKRLCEURN", "^NQDMXUSSCN", "^NQGXJPLMGBPN", "^NQDMXNAXKRGBP", "^NQNALM", "^NQUS500LC", "^NQDMXNASCCADN", "^NQGXUSSCCAD", "^NQDMXGBLMJPY", "^NQFFUSGN", "^NQUSMLTCV", "^NQDMXNAXKRSCGBP", "^NQGXUSSCEUR", "^NQNALMAUD", "^NQG5700LMN", "^NQDXUSLCN", "^NQNA5700LMJPYN", "^NQDMXNAXKREURN", "^NQG5000LMEURN", "^NQGXGBLMAUD", "^NQDM5700LMAUD", "^NQDXUSLCV", "^NQUSBLMN", "^NQDMXJPLMGBP", "^NQSSTR", "^NQDMXUSSCEURN", "^NQUSB5000LMAUD", "^NQG5000LMJPYN", "^NQDMXKRLMEUR", "^NQGXUSSCJPYN", "^NQUSB5000LMEURN", "^NQDM5700LMGBPN", "^NQDMXKRSCN", "^NQDMXNASCEUR", "^NQNALMAUDN", "^NQDMXNASCCAD", "^NQDM5000LMCAD", "^NQDMXUSXKRSCAUD", "^NQDMXNAXKRSCCADN", "^NQDMXNASCN", "^NQDMXKRLMCAD", "^NQDMXGBLM", "^NQDMXKRSCAUD", "^NQDMXUS2000AUD", "^NQDMXNAXKRAUD", "^NQDMXUSSCGBP", "^NQSHYLN", "^NQDMXGBLMJPYN", "^NQNA5700LMGBP", "^NQSSTRN", "^NQDM5000LMEUR", "^NQDM5000LMJPYN", "^NQDMXKRLMJPY", "^NQG5700LMAUDN", "^NQG5000LM", "^NQUSBLMJPYN", "^NQDMXUSXKRAUD", "^NQGXUSSCEURN", "^NQUSB5751LMGBPN", "^NQDMXGBLMCAD", "^NQUSB5000LMJPYN", "^NQDMXGBLMEURN", "^NQDMXKRGBPN", "^NQDMXGBLMEUR", "^NQDM5000LMEURN", "^NQDMXKRAUDN", "^NQDMXKRLMJPYN", "^NQUSBLMCADN", "^NQDMXGBLMN", "^NQDMXKRSCEURN", "^NQNALMGBPN", "^NQGXGBLMCADN", "^NQG5700LM", "^NQUSB5751LMEUR", "^NQDMXKRLCCADN", "^NQDMXUSXKRCADN", "^NQUSB5751LMCAD", "^NQGXJPLMCADN", "^NQDMXKRSCJPYN", "^NQUSB5700LMGBPN", "^NQDM5700LMAUDN", "^NQG5700LMJPY", "^NQGXJPLM", "^NQUSB5751LMJPY", "^NQDMXUSXKRSC", "^NQGXUSSCAUDN", "^NQDMXUS2000CADN", "^NQUSB5000LMN", "^NQDMXUSSCAUD", "^NQDMXUS2000GBP", "^NQUSB5751LMN", "^NQUSBLMGBP", "^NQNA5700LMAUD", "^NQNALMN", "^NQG5000LMCADN", "^NQUSB5751LMJPYN", "^NQDMXKRSCGBP", "^NQUSB5700LMAUDN", "^NQDMXUSSCJPYN", "^NQNA5700LMCADN", "^NQDM5000LMJPY", "^NQDMXNASCAUDN", "^NQGXJPLMAUDN", "^NQUSLVN", "^NQUSB5000LMCADN", "^NQDMXUSXKRJPY", "^DRBNNR", "^NQDMXUSXKRSCJPYN", "^NQDMXKRLCGBP", "^NQDMXKRLM", "^NQDMXNAXKRSCJPYN", "^NQDMXKRLC", "^NQNALMGBP", "^NQNA5700LMAUDN", "^NQUSB5700LMAUD", "^NQDMXJPLMJPYN", "^NQGXGBLM", "^NQNA5000LMCAD", "^DJT", "^NQG5700LMGBPN", "^NQDMXKRN", "^NQNA5000LMEUR", "^NQDMXNAXKRSCEURN", "^NQUSMLTCVN", "^NQCRDN", "^NQDM5000LMCADN", "^NQDMXUSXKRSCN", "^NQDMXJPLMEURN", "^NQDMXNASC", "^NQDMXNAXKRSCAUD", "^NQDMXJPLM", "^NQDMXUS2000", "^NQG5000LMN", "^NQDMXKREUR", "^NQGXJPLMGBP", "^NQGXUSSCCADN", "^NQDMXKRLMEURN", "^NQUSBLMAUD", "^NQDM5700LMGBP", "^NQG5000LMGBP", "^NQGXGBLMGBP", "^NQDMXKRCAD", "^NQG5700LMEUR", "^DJA", "^NQG5700LMCAD", "^NQDXUSMLTCV", "^NQNAAT", "^DRBSN", "^NQDXUSLCEURN", "^NQGXUSSC", "^NQDMXUSXKRSCEURN", "^NQUSB5000LMJPY", "^NQDMXNAXKRSCGBPN", "^NQG5000LMGBPN", "^NQDMXKRLCAUD", "^NQGXUSSCGBPN", "^NQNALMCAD", "^NQDMXUSXKREUR", "^NQNA5000LMGBP", "^NQDMXUSXKRSCJPY", "^NQG5700LMEURN", "^NQNA5000LM", "^NQGXJPLMEURN", "^NQUSB5700LMCADN", "^NQUSB5700LMJPY", "^NQDXUSLCGBP", "^NQGXJPLMN", "^NQNALMEUR", "^NQDMXKRSCCADN", "^NQDMXUSXKRCAD", "^NQNA5700LMN", "^NQDM5700LMCADN", "^NQDMXNASCGBP", "^NQG5700LMJPYN", "^NQDMXUS2000EURN", "^NQFFUSG", "^NQGXGBLMEUR", "^NQDMXKRGBP", "^NQUSB5000LMAUDN", "^NQDM5700LMCAD", "^NQDMXNAXKRJPY", "^NQDMXGBLMGBPN", "^NQCRD", "^NQDMXKRCADN", "^NQGXGBLMCAD", "^NQDMXGBLMGBP", "^NQDMXKRLCAUDN", "^NQDM5700LMEUR", "^NQDMXNAXKRSCJPY", "^NQDXUSLCGBPN", "^NQG5000LMAUD", "^NQUSB5000LMCAD", "^NQUSB5000LMEUR", "^NQUSBLMGBPN", "^NQDMXKRLMN", "^NQGXJPLMAUD", "^NQDMXUS2000JPYN", "^NQDMXUSXKRSCCAD", "^NQDMXGBLMAUDN", "^NQDMXJPLMJPY", "^NQDMXUSXKRN", "^NQUSB5751LMEURN", "^NQDMXKRLCGBPN", "^NQDMXUSXKRSCEUR", "^NQNA5000LMJPYN", "^NQDM5000LMAUDN", "^NQDMXKRSCCAD", "^NQDMXNAXKRGBPN", "^NQUSB5700LM", "^NQDMXKREURN", "^NQNALMJPYN", "^NQDMXNAXKREUR", "^NQDMXUSSCCAD", "^NQG5000LMAUDN", "^NQDMXNAXKRCAD", "^NQNA5700LMCAD", "^NQDMXJPLMCADN", "^NQDMXNAXKRN", "^NQNA5000LMEURN", "^NQDMXUSSCEUR", "^NQNA5700LMEUR", "^NQDMXGBLMAUD", "^NQUSB5700LMJPYN", "^NQDMXUSXKRSCCADN", "^NQNA5000LMN", "^NQUSBLMAUDN", "^NQDMXUSSCJPY", "^NQNA5700LMJPY", "^NQDMXJPLMCAD", "^DRBGN", "^DRBS", "^NQDMXJPLMEUR", "^NQUSB5700LMEURN", "^DRBN", "^NQDMXKRLMGBP", "^NQDXUSLCVN", "^NQGXGBLMAUDN", "^NQDMXKRSCAUDN", "^NQNA5700LMGBPN", "^NQDMXKRSCEUR", "^NQUS500LCN", "^NQDMXNASCGBPN", "^NQDM5000LMAUD", "^NQDMXUS2000CAD", "^DRBG", "^NQDMXUS2000EUR", "^NQDMXUSSCGBPN", "^NQDMXUSXKRAUDN", "^NQUS500LCV"], "currency": "USD", "firstTradeDateMilliseconds": 1178199000000, "priceHint": 2, "totalCash": 21526999000.0, "floatShares": 632698518, "ebitda": -51000000, "shortRatio": 0.73, "preMarketChange": -0.23999977, "preMarketChangePercent": -0.8091698, "preMarketTime": 1603978199, "targetPriceHigh": 51.0, "targetPriceLow": 30.0, "targetPriceMean": 38.78, "targetPriceMedian": 38.0, "preMarketPrice": 29.42, "heldPercentInsiders": 0.379, "heldPercentInstitutions": 85.169, "regularMarketChange": -0.24499893, "regularMarketChangePercent": -0.8263033, "regularMarketTime": 1603978207, "regularMarketPrice": 29.405, "regularMarketDayHigh": 29.46, "regularMarketDayRange": "29.38 - 29.46", "regularMarketDayLow": 29.38, "regularMarketVolume": 365139, "sharesShort": 14718907, "sharesShortPrevMonth": 20056068, "shortPercentFloat": 2.32, "regularMarketPreviousClose": 29.65, "bid": 29.7, "ask": 29.7, "bidSize": 18, "askSize": 40, "exchange": "NYQ", "market": "us_market", "messageBoardId": "finmb_266311", "fullExchangeName": "NYSE", "shortName": "Delta Air Lines, Inc.", "longName": "Delta Air Lines, Inc.", "regularMarketOpen": 29.76, "averageDailyVolume3Month": 20180763, "averageDailyVolume10Day": 16716012, "beta": 1.318257, "fiftyTwoWeekLowChange": 11.895, "fiftyTwoWeekLowChangePercent": 0.6793261, "fiftyTwoWeekRange": "17.51 - 62.48", "fiftyTwoWeekHighChange": -33.074997, "fiftyTwoWeekHighChangePercent": -0.52936935, "fiftyTwoWeekLow": 17.51, "fiftyTwoWeekHigh": 62.48, "dividendDate": 1583971200, "exDividendDate": 1582070400, "earningsTimestamp": 1602577809, "earningsTimestampStart": 1610458200, "earningsTimestampEnd": 1610976600, "trailingAnnualDividendRate": 0.805, "pegRatio": 0.13, "dividendsPerShare": 0.81, "trailingAnnualDividendYield": 0.027150085, "revenue": 24561000400.0, "priceToSales": 0.76351, "marketState": "REGULAR", "epsTrailingTwelveMonths": -16.532, "epsForward": -0.42, "epsCurrentYear": -10.44, "epsNextQuarter": -1.64, "priceEpsCurrentYear": -2.816571, "priceEpsNextQuarter": -17.929878, "sharesOutstanding": 637734016, "bookValue": 5.285, "fiftyDayAverage": 31.705278, "fiftyDayAverageChange": -2.3002777, "fiftyDayAverageChangePercent": -0.072551884, "twoHundredDayAverage": 28.032143, "twoHundredDayAverageChange": 1.372858, "twoHundredDayAverageChangePercent": 0.048974425, "marketCap": 18752569344, "forwardPE": -70.01191, "priceToBook": 5.5638604, "sourceInterval": 15, "exchangeDataDelayedBy": 0, "exchangeTimezoneName": "America/New_York", "exchangeTimezoneShortName": "EDT", "pageViews": {"midTermTrend": "UP", "longTermTrend": "UP", "shortTermTrend": "UP"}, "gmtOffSetMilliseconds": -14400000, "esgPopulated": false, "tradeable": false, "symbol": "DAL"}, {"language": "en-US", "region": "US", "quoteType": "EQUITY", "quoteSourceName": "Nasdaq Real Time Price", "triggerable": true, "quoteSummary": {"earnings": {"maxAge": 86400, "earningsChart": {"quarterly": [{"date": "4Q2019", "actual": -0.85, "estimate": -1.01}, {"date": "1Q2020", "actual": -0.85, "estimate": -0.96}, {"date": "2Q2020", "actual": -0.65, "estimate": -0.91}, {"date": "3Q2020", "actual": -0.37, "estimate": -0.5}], "currentQuarterEstimate": -0.44, "currentQuarterEstimateDate": "4Q", "currentQuarterEstimateYear": 2020, "earningsDate": [1599091200]}, "financialsChart": {"yearly": [{"date": 2017, "revenue": 74540000, "earnings": -183120000}, {"date": 2018, "revenue": 108524000, "earnings": -176562000}, {"date": 2019, "revenue": 142464000, "earnings": -154309000}, {"date": 2020, "revenue": 173395000, "earnings": -125656000}], "quarterly": [{"date": "4Q2019", "revenue": 44766000, "earnings": -29101000}, {"date": "1Q2020", "revenue": 46171000, "earnings": -29859000}, {"date": "2Q2020", "revenue": 48561000, "earnings": -24895000}, {"date": "3Q2020", "revenue": 51131000, "earnings": -17903000}]}, "financialCurrency": "USD"}}, "currency": "USD", "firstTradeDateMilliseconds": 1530279000000, "priceHint": 2, "totalCash": 83354000.0, "floatShares": 23105993, "ebitda": -89090000, "shortRatio": 8.4, "targetPriceHigh": 61.0, "targetPriceLow": 38.0, "targetPriceMean": 47.17, "targetPriceMedian": 45.5, "heldPercentInsiders": 4.923, "heldPercentInstitutions": 79.564, "postMarketChangePercent": 0.0, "postMarketTime": 1603915661, "postMarketPrice": 33.62, "postMarketChange": 0.0, "regularMarketChange": -1.4900017, "regularMarketChangePercent": -4.2438097, "regularMarketTime": 1603915202, "regularMarketPrice": 33.62, "regularMarketDayHigh": 33.83, "regularMarketDayRange": "33.83 - 33.83", "regularMarketDayLow": 33.83, "regularMarketVolume": 1035684, "sharesShort": 2987007, "sharesShortPrevMonth": 2850474, "shortPercentFloat": 12.98, "regularMarketPreviousClose": 35.11, "bid": 0.0, "ask": 55.5, "bidSize": 11, "askSize": 10, "exchange": "NGM", "market": "us_market", "messageBoardId": "finmb_137414956", "fullExchangeName": "NasdaqGM", "shortName": "Domo, Inc.", "longName": "Domo, Inc.", "regularMarketOpen": 34.23, "averageDailyVolume3Month": 492332, "averageDailyVolume10Day": 487575, "beta": 3.031685, "fiftyTwoWeekLowChange": 26.0, "fiftyTwoWeekLowChangePercent": 3.4120736, "fiftyTwoWeekRange": "7.62 - 47.25", "fiftyTwoWeekHighChange": -13.630001, "fiftyTwoWeekHighChangePercent": -0.28846562, "fiftyTwoWeekLow": 7.62, "fiftyTwoWeekHigh": 47.25, "earningsTimestamp": 1599163200, "earningsTimestampStart": 1599163200, "earningsTimestampEnd": 1599163200, "dividendsPerShare": 0.0, "revenue": 190628992.0, "priceToSales": 5.162354, "marketState": "REGULAR", "epsTrailingTwelveMonths": -3.597, "epsForward": -1.36, "epsCurrentYear": -1.88, "epsNextQuarter": -0.43, "priceEpsCurrentYear": -17.882978, "priceEpsNextQuarter": -78.18604, "sharesOutstanding": 26007400, "bookValue": -2.489, "fiftyDayAverage": 38.12611, "fiftyDayAverageChange": -4.506111, "fiftyDayAverageChangePercent": -0.11818964, "twoHundredDayAverage": 31.448572, "twoHundredDayAverageChange": 2.1714268, "twoHundredDayAverageChangePercent": 0.069046915, "marketCap": 984094336, "forwardPE": -24.720587, "priceToBook": -13.507432, "sourceInterval": 15, "exchangeDataDelayedBy": 0, "exchangeTimezoneName": "America/New_York", "exchangeTimezoneShortName": "EDT", "pageViews": {"midTermTrend": "UP", "longTermTrend": "UP", "shortTermTrend": "UP"}, "gmtOffSetMilliseconds": -14400000, "esgPopulated": false, "tradeable": false, "symbol": "DOMO"}, {"language": "en-US", "region": "US", "quoteType": "EQUITY", "quoteSourceName": "Nasdaq Real Time Price", "triggerable": true, "quoteSummary": {"earnings": {"maxAge": 86400, "earningsChart": {"quarterly": [{"date": "4Q2019", "actual": 0.25, "estimate": 0.16}, {"date": "1Q2020", "actual": 0.1, "estimate": 0.19}, {"date": "2Q2020", "actual": 0.75, "estimate": 0.39}, {"date": "3Q2020", "actual": 0.76, "estimate": 0.6}], "currentQuarterEstimate": 0.52, "currentQuarterEstimateDate": "4Q", "currentQuarterEstimateYear": 2020, "earningsDate": [1603843200]}, "financialsChart": {"yearly": [{"date": 2016, "revenue": 364967000, "earnings": -29901000}, {"date": 2017, "revenue": 441231000, "earnings": 81800000}, {"date": 2018, "revenue": 603693000, "earnings": 77491000}, {"date": 2019, "revenue": 818379000, "earnings": 95894000}], "quarterly": [{"date": "3Q2019", "revenue": 197947000, "earnings": 14801000}, {"date": "4Q2019", "revenue": 269998000, "earnings": 31291000}, {"date": "1Q2020", "revenue": 228055000, "earnings": 12522000}, {"date": "2Q2020", "revenue": 428737000, "earnings": 96425000}]}, "financialCurrency": "USD"}}, "components": ["^NQDXUSSCGBPN", "^NQDMXKRAUDN", "^XCQ", "^NQDMXKRSCEURN", "^NQDXUSMLTCGN", "^NQDMXKRSCJPYN", "^NQDMXKRSCCADN", "^INDS", "^NQDMXKRJPY", "^NQGS", "^NQUSMLTCG", "^NQDXUSSCEUR", "^NQDMXKRGBP", "^NQDMXKRJPYN", "^NQDMXKRSCJPY", "^NQDMXKRSCGBPN", "^IXIC", "^NQUS700SC", "^NQDMXKRCADN", "^NQDXUSSCEURN", "^NQDXUSSCGN", "^QNET", "^NQDMXKRSCGBP", "^NQDMXKRSC", "^NQUS700SCGN", "^NQDMXKRSCCAD", "^NQDMXKRSCN", "^NQDMXKREURN", "^NQUSMLTCGN", "^NQUSSG", "^NQDMXKRAUD", "^NQDMXKRN", "^QTW", "^NQUS700SCG", "^NQDMXKRSCAUD", "^NQUS700SCN", "^NQDXUSMLTCG", "^NQDXUSSCGBP", "^NQDMXKREUR", "^NQDMXKRCAD", "^NQDXUSSCG", "^NQDMXKRSCAUDN", "^NQDMXKRSCEUR", "^NQDMXKR", "^NQUSSGN", "^NQDMXKRGBPN", "^NQDXUSSCN", "^NQDXUSSC"], "currency": "USD", "firstTradeDateMilliseconds": 1429191000000, "priceHint": 2, "totalCash": 1043182980.0, "floatShares": 235228137, "ebitda": 222671008, "shortRatio": 1.7, "preMarketChange": -1.6399994, "preMarketChangePercent": -1.1744481, "preMarketTime": 1603978136, "targetPriceHigh": 172.0, "targetPriceLow": 68.0, "targetPriceMean": 154.41, "targetPriceMedian": 160.0, "preMarketPrice": 138.0, "heldPercentInsiders": 0.945, "heldPercentInstitutions": 99.539, "postMarketChangePercent": -1.1744481, "postMarketTime": 1603929562, "postMarketPrice": 138.0, "postMarketChange": -1.6399994, "regularMarketChange": -6.1399994, "regularMarketChangePercent": -4.211826, "regularMarketTime": 1603915202, "regularMarketPrice": 139.64, "regularMarketDayHigh": 145.09, "regularMarketDayRange": "138.92 - 145.09", "regularMarketDayLow": 138.92, "regularMarketVolume": 68611, "sharesShort": 7614928, "sharesShortPrevMonth": 7904703, "shortPercentFloat": 6.06, "regularMarketPreviousClose": 145.78, "bid": 138.5, "ask": 138.9, "bidSize": 10, "askSize": 10, "exchange": "NMS", "market": "us_market", "messageBoardId": "finmb_28492682", "fullExchangeName": "NasdaqGS", "shortName": "Etsy, Inc.", "longName": "Etsy, Inc.", "regularMarketOpen": 143.3, "averageDailyVolume3Month": 4317880, "averageDailyVolume10Day": 3561937, "beta": 1.35466, "fiftyTwoWeekLowChange": 109.69, "fiftyTwoWeekLowChangePercent": 3.6624374, "fiftyTwoWeekRange": "29.95 - 154.88", "fiftyTwoWeekHighChange": -15.2400055, "fiftyTwoWeekHighChangePercent": -0.09839879, "fiftyTwoWeekLow": 29.95, "fiftyTwoWeekHigh": 154.88, "earningsTimestamp": 1603915200, "earningsTimestampStart": 1603915200, "earningsTimestampEnd": 1603915200, "trailingPE": 109.17904, "pegRatio": 1.24, "dividendsPerShare": 0.0, "revenue": 1124737020.0, "priceToSales": 15.721305, "marketState": "REGULAR", "epsTrailingTwelveMonths": 1.279, "epsForward": 2.17, "epsCurrentYear": 1.97, "epsNextQuarter": 0.31, "priceEpsCurrentYear": 70.88325, "priceEpsNextQuarter": 450.4516, "sharesOutstanding": 126628000, "bookValue": 4.4, "fiftyDayAverage": 129.88055, "fiftyDayAverageChange": 9.759445, "fiftyDayAverageChangePercent": 0.0751417, "twoHundredDayAverage": 104.87875, "twoHundredDayAverageChange": 34.761246, "twoHundredDayAverageChangePercent": 0.3314422, "marketCap": 17682333696, "forwardPE": 64.35023, "priceToBook": 31.736362, "sourceInterval": 15, "exchangeDataDelayedBy": 0, "exchangeTimezoneName": "America/New_York", "exchangeTimezoneShortName": "EDT", "pageViews": {"midTermTrend": "UP", "longTermTrend": "UP", "shortTermTrend": "UP"}, "gmtOffSetMilliseconds": -14400000, "esgPopulated": false, "tradeable": false, "symbol": "ETSY"}, {"language": "en-US", "region": "US", "quoteType": "EQUITY", "quoteSourceName": "Nasdaq Real Time Price", "triggerable": true, "quoteSummary": {"earnings": {"maxAge": 86400, "earningsChart": {"quarterly": [{"date": "3Q2019", "actual": 2.12, "estimate": 1.91}, {"date": "4Q2019", "actual": 2.56, "estimate": 2.53}, {"date": "1Q2020", "actual": 1.71, "estimate": 1.75}, {"date": "2Q2020", "actual": 1.8, "estimate": 1.39}], "currentQuarterEstimate": 1.91, "currentQuarterEstimateDate": "3Q", "currentQuarterEstimateYear": 2020, "earningsDate": [1603929600]}, "financialsChart": {"yearly": [{"date": 2016, "revenue": 27638000000, "earnings": 10217000000}, {"date": 2017, "revenue": 40653000000, "earnings": 15934000000}, {"date": 2018, "revenue": 55838000000, "earnings": 22112000000}, {"date": 2019, "revenue": 70697000000, "earnings": 18485000000}], "quarterly": [{"date": "3Q2019", "revenue": 17652000000, "earnings": 6091000000}, {"date": "4Q2019", "revenue": 21082000000, "earnings": 7349000000}, {"date": "1Q2020", "revenue": 17737000000, "earnings": 4902000000}, {"date": "2Q2020", "revenue": 18687000000, "earnings": 5178000000}]}, "financialCurrency": "USD"}}, "components": ["^NQDMXJPLMAUD", "^NQDOG", "^NQUSBLM", "^QIV", "^NQUS500LCGN", "^NQGMOIN", "^NQUSB9535LMGBP", "^NQGS", "^NQNALMEURN", "^NQUSB9000LMJPYN", "^NQUSB9530LM", "^NQUSBLMCAD", "^NQUSB9000LMEURN", "^NQDMXKRJPYN", "^NQDMXKRLMAUDN", "^NQNA9000LMGBPN", "^NQDMXJPLMAUDN", "^NQDMXKRLMAUD", "^NQUSBLMJPY", "^NDXCHF", "^NQNA9000LMEUR", "^NQNA9000LMCAD", "^NQPRCE", "^NQGXGBLMN", "^NQDMXKRLCJPY", "^NQUSB9000LMEUR", "^WEALTHGN", "^WEALTHGL", "^CAPEXA", "^CPQ", "^CPQNTR", "^NQUSB9000LMCAD", "^NQDM9000LMJPY", "^NQG9000LMCADN", "^NQDMXKRAUD", "^NQDMXKRLMGBPN", "^NQGXGBLMGBPN", "^NQDM9000LMEURN", "^NQGXJPLMJPYN", "^NQNALMCADN", "^NQUSBLMEUR", "^NQG9000LMGBP", "^NQDM9000LMJPYN", "^NQNALMJPY", "^DWANQTL", "^MSH", "^NDX", "^NQGXGBLMJPY", "^IXCO", "^NQGXJPLMJPY", "^NQUSB9530LMCAD", "^NQUSB9530LMGBPN", "^NQDMXKR", "^NQDMXGBLMCADN", "^NQUSB9530LMEUR", "^NQUSB9000LMJPY", "^NQDMXKRLCN", "^NQGXGBLMEURN", "^NQGXJPLMCAD", "^NQUSB9530LMN", "^NQGXJPLMEUR", "^XNDXNNRCHF", "^DWARJFMU", "^NQUSB9530LMGBP", "^NQDMXJPLMGBPN", "^NQDMXJPLMN", "^NQDM9000LMAUD", "^NQDMXKRLCJPYN", "^NQDMXKRLMCADN", "^NQDMXKRLCEUR", "^NQUSB9000LMN", "^NQGXGBLMJPYN", "^NQG9000LMJPYN", "^NQUSBLMEURN", "^NQDMXKRJPY", "^NQDMXKRLCCAD", "^NQDMXKRLCEURN", "^NQUSB9535LMAUDN", "^NQUSMLTCG", "^NQG9000LMAUD", "^NQGXJPLMGBPN", "^QMI", "^NQUSB9000LMCADN", "^IXIC", "^NQNALM", "^NQUS500LC", "^NQDMXGBLMJPY", "^NQFFUSGN", "^NQNALMAUD", "^NQNA9000LMN", "^NQGXGBLMAUD", "^NQUSB9530LMJPYN", "^NQUSB9535LMGBPN", "^NQUSBLMN", "^NQDMXJPLMGBP", "^NQFGSL", "^NQDMXKRLMEUR", "^MNX1", "^NQNALMAUDN", "^NQG9000LMEURN", "^CAPEXAN", "^NQDM9000LMCADN", "^NQDMXKRLMCAD", "^NQDMXGBLM", "^NQNA9000LMGBP", "^NQDMXGBLMJPYN", "^NQDOGN", "^NQG9000LMN", "^NQDMXKRLMJPY", "^NQUSBLMJPYN", "^NQDM9000LMN", "^NQDMXGBLMCAD", "^NQUSB9535LMN", "^XNDXNNRGBP", "^NQUSLG", "^NQDMXGBLMEURN", "^NQDMXKRGBPN", "^NQDMXGBLMEUR", "^XNDXNNR", "^RMIVG20", "^NQDMXKRAUDN", "^NQDMXKRLMJPYN", "^NQUSBLMCADN", "^NQDMXGBLMN", "^NQNALMGBPN", "^NQGXGBLMCADN", "^NQDMXKRLCCADN", "^NQGXJPLMCADN", "^NQUSB9535LMJPY", "^NQGXJPLM", "^NQUSB9535LMCAD", "^NQNA9000LMAUD", "^NQUSB9535LMEUR", "^NQUSBLMGBP", "^NQNALMN", "^RCH", "^NQUSB9000LMAUD", "^NQUSLGN", "^NQNA9000LM", "^NQGXJPLMAUDN", "^NQCAPST", "^NQUSB9530LMEURN", "^NQUSB9530LMAUD", "^NQDMXKRLCGBP", "^NQDMXKRLM", "^NQDM9000LMGBP", "^NQUSMLTCGN", "^NQDMXKRLC", "^NQNALMGBP", "^NDXEUR", "^NDXHKD", "^NQDMXJPLMJPYN", "^NQG9000LMEUR", "^NQGXGBLM", "^NQG9000LMCAD", "^NQGMOI", "^NQDMXKRN", "^QTW", "^XQC", "^NQDMXJPLMEURN", "^NQG9000LMJPY", "^NDXCAD", "^NQNA9000LMJPYN", "^NQFFUSMN", "^NQDMXJPLM", "^NQDMXKREUR", "^NQGXJPLMGBP", "^NQDM9000LMAUDN", "^NQDMXKRLMEURN", "^NQUSBLMAUD", "^NQGXGBLMGBP", "^NQDMXKRCAD", "^NQNA9000LMEURN", "^NQPRCEN", "^NQUSB9535LMCADN", "^XQO", "^NQUSB9000LMAUDN", "^NQUSB9000LMGBP", "^NQNA9000LMAUDN", "^NQG9000LMAUDN", "^NQDMXKRLCAUD", "^XCQ", "^NQNALMCAD", "^NQUSB9530LMJPY", "^XCI", "^NQGXJPLMEURN", "^NQDM9000LM", "^NQGXJPLMN", "^NQNALMEUR", "^NDXGBP", "^NQFFUSG", "^NQGXGBLMEUR", "^NQDMXKRGBP", "^NQDM9000LMEUR", "^XNDXNNRHKD", "^NQFFUSM", "^NQDM9000LMCAD", "^NQDMXGBLMGBPN", "^XNDXNNREUR", "^NQDMXKRCADN", "^NQGXGBLMCAD", "^NQDMXGBLMGBP", "^NQDMXKRLCAUDN", "^XNDXNNRCAD", "^NQDM9000LMGBPN", "^NQG9000LM", "^NQUSBLMGBPN", "^QNET", "^NQDMXKRLMN", "^NQFFUSQ", "^NQFGSLN", "^NQUSB9530LMCADN", "^NQGXJPLMAUD", "^NQDMXGBLMAUDN", "^NDXT", "^NQUSB9000LM", "^NQDMXJPLMJPY", "^NQDMXKRLCGBPN", "^NQUSB9535LMAUD", "^NQUS500LCG", "^NDXE", "^NQDMXKREURN", "^NQNALMJPYN", "^NQUSB9000LMGBPN", "^NQFFUSQN", "^NQG9000LMGBPN", "^NQDMXJPLMCADN", "^RCHNTR", "^NQUSB9535LM", "^NQDMXGBLMAUD", "^NQUSB9530LMAUDN", "^NQUSBLMAUDN", "^NQNA9000LMJPY", "^DWUSSR", "^NQDMXJPLMCAD", "^NQDMXJPLMEUR", "^NQUSB9535LMEURN", "^NQDMXKRLMGBP", "^NQGXGBLMAUDN", "^NQUS500LCN", "^NQNA9000LMCADN", "^NQUSB9535LMJPYN"], "currency": "USD", "firstTradeDateMilliseconds": 1337347800000, "priceHint": 2, "totalCash": 58240000000.0, "floatShares": 2392236107, "ebitda": 34083999744, "shortRatio": 1.01, "preMarketChange": 8.709991, "preMarketChangePercent": 3.2540035, "preMarketTime": 1603978199, "targetPriceHigh": 340.0, "targetPriceLow": 120.0, "targetPriceMean": 296.17, "targetPriceMedian": 300.0, "preMarketPrice": 276.38, "heldPercentInsiders": 0.664, "heldPercentInstitutions": 79.412, "regularMarketChange": 8.709991, "regularMarketChangePercent": 3.2540035, "regularMarketTime": 1603978200, "regularMarketPrice": 276.38, "regularMarketDayHigh": 276.48, "regularMarketDayRange": "276.38 - 276.48", "regularMarketDayLow": 276.38, "regularMarketVolume": 427191, "sharesShort": 21187652, "sharesShortPrevMonth": 22389558, "shortPercentFloat": 0.88, "regularMarketPreviousClose": 267.67, "bid": 276.01, "ask": 277.46, "bidSize": 11, "askSize": 11, "exchange": "NMS", "market": "us_market", "messageBoardId": "finmb_20765463", "fullExchangeName": "NasdaqGS", "shortName": "Facebook, Inc.", "longName": "Facebook, Inc.", "regularMarketOpen": 278.79, "averageDailyVolume3Month": 23615858, "averageDailyVolume10Day": 19530787, "beta": 1.295642, "fiftyTwoWeekLowChange": 139.28, "fiftyTwoWeekLowChangePercent": 1.0159007, "fiftyTwoWeekRange": "137.1 - 304.67", "fiftyTwoWeekHighChange": -28.290009, "fiftyTwoWeekHighChangePercent": -0.09285459, "fiftyTwoWeekLow": 137.1, "fiftyTwoWeekHigh": 304.67, "earningsTimestamp": 1604001600, "earningsTimestampStart": 1604001600, "earningsTimestampEnd": 1604001600, "trailingPE": 33.795547, "pegRatio": 1.54, "dividendsPerShare": 0.0, "revenue": 75156996000.0, "priceToSales": 10.476162, "marketState": "REGULAR", "epsTrailingTwelveMonths": 8.178, "epsForward": 10.26, "epsCurrentYear": 8.08, "epsNextQuarter": 2.67, "priceEpsCurrentYear": 34.20545, "priceEpsNextQuarter": 103.51311, "sharesOutstanding": 2404280064, "bookValue": 38.753, "fiftyDayAverage": 265.16333, "fiftyDayAverageChange": 11.216675, "fiftyDayAverageChangePercent": 0.042301003, "twoHundredDayAverage": 242.09457, "twoHundredDayAverageChange": 34.28543, "twoHundredDayAverageChangePercent": 0.14162, "marketCap": 787356844032, "forwardPE": 26.937622, "priceToBook": 7.1318355, "sourceInterval": 15, "exchangeDataDelayedBy": 0, "exchangeTimezoneName": "America/New_York", "exchangeTimezoneShortName": "EDT", "pageViews": {"midTermTrend": "UP", "longTermTrend": "UP", "shortTermTrend": "UP"}, "gmtOffSetMilliseconds": -14400000, "esgPopulated": false, "tradeable": false, "symbol": "FB"}, {"language": "en-US", "region": "US", "quoteType": "EQUITY", "quoteSourceName": "Nasdaq Real Time Price", "triggerable": true, "quoteSummary": {"earnings": {"maxAge": 86400, "earningsChart": {"quarterly": [{"date": "3Q2019", "actual": 1.72, "estimate": 1.31}, {"date": "4Q2019", "actual": 0.05, "estimate": 0.01}, {"date": "1Q2020", "actual": 0.62, "estimate": 0.3}, {"date": "2Q2020", "actual": -0.5, "estimate": -1.77}], "currentQuarterEstimate": 1.38, "currentQuarterEstimateDate": "3Q", "currentQuarterEstimateYear": 2020, "earningsDate": [1604534400]}, "financialsChart": {"yearly": [{"date": 2016, "revenue": 149184000000, "earnings": 9427000000}, {"date": 2017, "revenue": 145588000000, "earnings": -3864000000}, {"date": 2018, "revenue": 147049000000, "earnings": 8014000000}, {"date": 2019, "revenue": 137237000000, "earnings": 6732000000}], "quarterly": [{"date": "3Q2019", "revenue": 35473000000, "earnings": 2351000000}, {"date": "4Q2019", "revenue": 30826000000, "earnings": -194000000}, {"date": "1Q2020", "revenue": 32709000000, "earnings": 294000000}, {"date": "2Q2020", "revenue": 16778000000, "earnings": -758000000}]}, "financialCurrency": "USD"}}, "components": ["^NQDMXJPLMAUD", "^NQUSBLM", "^NQNA3000LMJPY", "^NQSHYL", "^NQNA3300LMGBP", "^NQNA3300LM", "^NQUSB3000LMJPY", "^NQDM3000LM", "^NQNALMEURN", "^NQUSB3300LMGBP", "^NQUSBLMCAD", "^NQDMXKRJPYN", "^NQDMXKRLMAUDN", "^NQUSB3000LMEUR", "^NQUSB3000LMCAD", "^NQDMXJPLMAUDN", "^NQDMXKRLMAUD", "^NQUSBLMJPY", "^NQDM3300LMCAD", "^NQDM3300LMEUR", "^NQGXGBLMN", "^NQUS500LCVN", "^NQDMXKRLCJPY", "^NQDXUSLCEUR", "^NQG3000LMEUR", "^NQDM3000LMCADN", "^NQUSB3000LMGBPN", "^NQDMXKRAUD", "^NQG3000LMGBPN", "^NQDMXKRLMGBPN", "^NQDXUSMLTCVN", "^NQGXGBLMGBPN", "^NQDM3000LMAUD", "^NQGXJPLMJPYN", "^NQNALMCADN", "^NQUSBLMEUR", "^NQNALMJPY", "^NQNA3000LMCADN", "^NQGXGBLMJPY", "^NQMAEQY", "^NQDM3300LMCADN", "^NQG3300LMGBPN", "^NQGXJPLMJPY", "^NQUSB3300LMCADN", "^NQDMXKR", "^NQDMXGBLMCADN", "^NQDMXKRLCN", "^NQGXGBLMEURN", "^NQGXJPLMCAD", "^NQUSB3300LMGBPN", "^NQGXJPLMEUR", "^NQG3000LMAUDN", "^NQDMXJPLMGBPN", "^NQUSLV", "^NQDMXJPLMN", "^NQDMXKRLCJPYN", "^NQDMXKRLMCADN", "^NQG3300LMJPY", "^NQDMXKRLCEUR", "^NQDXUSLC", "^NQGXGBLMJPYN", "^NQG3000LMJPY", "^NQUSBLMEURN", "^NQDM3000LMGBPN", "^NQDMXKRJPY", "^NQDMXKRLCCAD", "^NQDMXKRLCEURN", "^NQDM3000LMJPY", "^NQNA3300LMCADN", "^NQGXJPLMGBPN", "^NQUSB3000LMCADN", "^NQNA3000LM", "^NQNALM", "^NQUS500LC", "^NQDMXGBLMJPY", "^NQFFUSGN", "^NQUSMLTCV", "^NQDM3300LMGBPN", "^NQNALMAUD", "^NQNA3300LMAUD", "^NQDXUSLCN", "^NQGXGBLMAUD", "^NQG3000LMCAD", "^NQDXUSLCV", "^NQUSBLMN", "^NQDMXJPLMGBP", "^NQG3300LMCADN", "^NQSSTR", "^NQG3300LMCAD", "^NQUSB3300LMAUD", "^NQDMXKRLMEUR", "^NQG3300LMEUR", "^NQDM3300LMN", "^NQNALMAUDN", "^NQDM3300LMAUDN", "^NQNA3300LMJPYN", "^NQUSB3300LMN", "^NQG3300LMAUDN", "^NQDMXKRLMCAD", "^NQUSB3300LMAUDN", "^NQDMXGBLM", "^NQNA3300LMEURN", "^NQDM3300LMJPY", "^NQSHYLN", "^NQDMXGBLMJPYN", "^NQG3000LMCADN", "^NQSSTRN", "^NQUSB3300LM", "^NQNA3000LMEURN", "^NQG3300LM", "^NQDMXKRLMJPY", "^NQUSB3000LMAUDN", "^NQUSBLMJPYN", "^NQNA3000LMAUD", "^NQNA3000LMJPYN", "^NQDMXGBLMCAD", "^NQDMXGBLMEURN", "^NQDMXKRGBPN", "^NQDMXGBLMEUR", "^NQDM3000LMAUDN", "^NQUSB3300LMJPY", "^NQDMXKRAUDN", "^NQDMXKRLMJPYN", "^NQUSBLMCADN", "^NQNA3000LMGBP", "^NQDMXGBLMN", "^NQDM3000LMN", "^NQG3000LM", "^NQUSB3000LMJPYN", "^NQNALMGBPN", "^NQGXGBLMCADN", "^NQNA3300LMGBPN", "^NQDMXKRLCCADN", "^NQG3300LMN", "^NQGXJPLMCADN", "^QAUTO", "^NQUSB3000LMGBP", "^NQGXJPLM", "^NQUSB3000LMEURN", "^NQG3300LMEURN", "^NQDM3300LMAUD", "^NQUSBLMGBP", "^NQNALMN", "^NQG3300LMJPYN", "^NQNA3300LMN", "^NQNA3000LMGBPN", "^NQGXJPLMAUDN", "^NQUSB3000LMAUD", "^NQUSLVN", "^NQNA3300LMEUR", "^NQNA3300LMAUDN", "^NQDMXKRLCGBP", "^NQDMXKRLM", "^NQDMXKRLC", "^NQG3000LMAUD", "^NQNALMGBP", "^NQDMXJPLMJPYN", "^NQGXGBLM", "^NQNA3300LMCAD", "^NQDMXKRN", "^NQUSMLTCVN", "^NQDMXJPLMEURN", "^NQDMXJPLM", "^NQDMXKREUR", "^NQGXJPLMGBP", "^NQDMXKRLMEURN", "^NQUSBLMAUD", "^NQGXGBLMGBP", "^NQDM3000LMEUR", "^NQDMXKRCAD", "^NQNA3300LMJPY", "^NQG3000LMEURN", "^NQDM3000LMCAD", "^NQDXUSMLTCV", "^NQDXUSLCEURN", "^NQNA3000LMAUDN", "^NQDMXKRLCAUD", "^NQDXUSMEGAN", "^NQNALMCAD", "^NQG3000LMGBP", "^NQGXJPLMEURN", "^NQG3300LMGBP", "^NQDXUSLCGBP", "^NQG3000LMJPYN", "^NQUSB3000LMN", "^NQGXJPLMN", "^NQNALMEUR", "^NQFFUSG", "^NQGXGBLMEUR", "^NQDMXKRGBP", "^NQDM3000LMGBP", "^NQDMXGBLMGBPN", "^NQDMXKRCADN", "^NQGXGBLMCAD", "^NQDMXGBLMGBP", "^NQDMXKRLCAUDN", "^NQDXUSLCGBPN", "^NQNA3000LMN", "^NQDM3300LM", "^NQUSBLMGBPN", "^NQDMXKRLMN", "^NQGXJPLMAUD", "^NQUSB3000LM", "^NQDMXGBLMAUDN", "^NQDMXJPLMJPY", "^NQUSB3300LMJPYN", "^NQDMXKRLCGBPN", "^NQDM3000LMEURN", "^NQDMXKREURN", "^NQUSB3300LMEUR", "^NQNA3000LMCAD", "^NQNALMJPYN", "^NQG3300LMAUD", "^NQNA3000LMEUR", "^NQDMXJPLMCADN", "^NQG3000LMN", "^NQDM3000LMJPYN", "^NQDMXGBLMAUD", "^NQUSBLMAUDN", "^NQDM3300LMGBP", "^NQUSB3300LMEURN", "^NQDM3300LMJPYN", "^NQDMXJPLMCAD", "^NQUSB3300LMCAD", "^NQDMXJPLMEUR", "^NQDXUSMEGA", "^NQDMXKRLMGBP", "^NQDXUSLCVN", "^NQGXGBLMAUDN", "^NQUS500LCN", "^NQDM3300LMEURN", "^NQUS500LCV"], "currency": "USD", "firstTradeDateMilliseconds": 1290090600000, "priceHint": 2, "totalCash": 30982000600.0, "floatShares": 1327528057, "ebitda": 8302000128, "shortRatio": 1.77, "preMarketChange": 0.5400009, "preMarketChangePercent": 1.5835805, "preMarketTime": 1603978198, "targetPriceHigh": 65.0, "targetPriceLow": 27.0, "targetPriceMean": 41.35, "targetPriceMedian": 41.0, "preMarketPrice": 34.64, "heldPercentInsiders": 7.191, "heldPercentInstitutions": 78.029, "regularMarketChange": 0.3199997, "regularMarketChangePercent": 0.93869084, "regularMarketTime": 1603978206, "regularMarketPrice": 34.41, "regularMarketDayHigh": 34.44, "regularMarketDayRange": "34.38 - 34.44", "regularMarketDayLow": 34.38, "regularMarketVolume": 321171, "sharesShort": 20968245, "sharesShortPrevMonth": 19150468, "shortPercentFloat": 1.47, "regularMarketPreviousClose": 34.09, "bid": 34.47, "ask": 34.46, "bidSize": 9, "askSize": 22, "exchange": "NYQ", "market": "us_market", "messageBoardId": "finmb_61206100", "fullExchangeName": "NYSE", "shortName": "General Motors Company", "longName": "General Motors Company", "regularMarketOpen": 33.73, "averageDailyVolume3Month": 14765550, "averageDailyVolume10Day": 19209262, "beta": 1.464423, "fiftyTwoWeekLowChange": 20.08, "fiftyTwoWeekLowChangePercent": 1.4012561, "fiftyTwoWeekRange": "14.33 - 38.96", "fiftyTwoWeekHighChange": -4.549999, "fiftyTwoWeekHighChangePercent": -0.11678643, "fiftyTwoWeekLow": 14.33, "fiftyTwoWeekHigh": 38.96, "dividendDate": 1584662400, "exDividendDate": 1583366400, "earningsTimestamp": 1604583000, "earningsTimestampStart": 1604583000, "earningsTimestampEnd": 1604583000, "trailingAnnualDividendRate": 1.14, "trailingPE": 32.523632, "pegRatio": 4.43, "dividendsPerShare": 1.14, "trailingAnnualDividendYield": 0.03344089, "revenue": 115785998000.0, "priceToSales": 0.42530316, "marketState": "REGULAR", "epsTrailingTwelveMonths": 1.058, "epsForward": 4.7, "epsCurrentYear": 2.56, "epsNextQuarter": 1.21, "priceEpsCurrentYear": 13.441406, "priceEpsNextQuarter": 28.438015, "sharesOutstanding": 1431100032, "bookValue": 28.074, "fiftyDayAverage": 31.915277, "fiftyDayAverageChange": 2.4947224, "fiftyDayAverageChangePercent": 0.07816703, "twoHundredDayAverage": 27.5065, "twoHundredDayAverageChange": 6.9034996, "twoHundredDayAverageChangePercent": 0.25097704, "marketCap": 49244151808, "forwardPE": 7.3212767, "priceToBook": 1.2256893, "sourceInterval": 15, "exchangeDataDelayedBy": 0, "exchangeTimezoneName": "America/New_York", "exchangeTimezoneShortName": "EDT", "pageViews": {"midTermTrend": "UP", "longTermTrend": "UP", "shortTermTrend": "DOWN"}, "gmtOffSetMilliseconds": -14400000, "esgPopulated": false, "tradeable": false, "symbol": "GM"}, {"language": "en-US", "region": "US", "quoteType": "EQUITY", "quoteSourceName": "Nasdaq Real Time Price", "triggerable": true, "quoteSummary": {"earnings": {"maxAge": 86400, "earningsChart": {"quarterly": [{"date": "4Q2019", "actual": 1.53, "estimate": 1.36}, {"date": "1Q2020", "actual": 0.87, "estimate": 0.8}, {"date": "2Q2020", "actual": 1.4, "estimate": 0.89}, {"date": "3Q2020", "actual": 2.08, "estimate": 1.72}], "currentQuarterEstimate": 1.92, "currentQuarterEstimateDate": "4Q", "currentQuarterEstimateYear": 2020, "earningsDate": [1603843200]}, "financialsChart": {"yearly": [{"date": 2016, "revenue": 1447743000, "earnings": 97154000}, {"date": 2017, "revenue": 1679373000, "earnings": 157808000}, {"date": 2018, "revenue": 2023464000, "earnings": 238257000}, {"date": 2019, "revenue": 2204336000, "earnings": 252007000}], "quarterly": [{"date": "3Q2019", "revenue": 601135000, "earnings": 75574000}, {"date": "4Q2019", "revenue": 590932000, "earnings": 69614000}, {"date": "1Q2020", "revenue": 475915000, "earnings": 44460000}, {"date": "2Q2020", "revenue": 546848000, "earnings": 66145000}]}, "financialCurrency": "USD"}}, "components": ["^NQUS600MCV", "^NQDMXKRAUDN", "^NQUS600MCVN", "^NQDMXKRSCEURN", "^NQUS600MCN", "^NQDMXKRSCCAD", "^NQDMXKRSCN", "^NQUSSVN", "^NQDMXKREURN", "^NQDXUSMCVN", "^NQDMXKRAUD", "^NQDMXKRSCJPYN", "^NQDMXKRSCCADN", "^NQDMXKRJPY", "^NQDXUSMLTCVN", "^NQDMXKRN", "^NQUS600MC", "^NQUSMLTCVN", "^NQDMXKRSCAUD", "^NQDMXKRGBP", "^NQUSSV", "^NQDMXKRJPYN", "^NQDMXKRSCJPY", "^NQDMXKRSCGBPN", "^NQUSMLTCV", "^NQDMXKRCADN", "^NQDMXKREUR", "^NQDXUSMCN", "^NQDMXKRCAD", "^NQDMXKRSCAUDN", "^NQDMXKRSCEUR", "^NQDXUSMC", "^NQDMXKR", "^NQDMXKRSCGBP", "^NQDXUSMCV", "^NQDXUSMLTCV", "^NQDMXKRGBPN", "^NQDMXKRSC"], "currency": "USD", "firstTradeDateMilliseconds": 1265898600000, "priceHint": 2, "totalCash": 396734016.0, "floatShares": 61705923, "ebitda": 435379008, "shortRatio": 1.67, "targetPriceHigh": 285.0, "targetPriceLow": 200.0, "targetPriceMean": 241.58, "targetPriceMedian": 242.5, "heldPercentInsiders": 1.757, "heldPercentInstitutions": 103.49, "regularMarketChange": 2.1799927, "regularMarketChangePercent": 1.0040959, "regularMarketTime": 1603978206, "regularMarketPrice": 219.29, "regularMarketDayHigh": 219.58, "regularMarketDayRange": "218.21 - 219.58", "regularMarketDayLow": 218.21, "regularMarketVolume": 21168, "sharesShort": 1128102, "sharesShortPrevMonth": 989782, "shortPercentFloat": 2.06, "regularMarketPreviousClose": 217.11, "bid": 207.2, "ask": 221.11, "bidSize": 8, "askSize": 9, "exchange": "NYQ", "market": "us_market", "messageBoardId": "finmb_78749412", "fullExchangeName": "NYSE", "shortName": "Generac Holdlings Inc.", "longName": "Generac Holdings Inc.", "regularMarketOpen": 205.87, "averageDailyVolume3Month": 739544, "averageDailyVolume10Day": 774712, "beta": 1.014892, "fiftyTwoWeekLowChange": 143.79, "fiftyTwoWeekLowChangePercent": 1.9045032, "fiftyTwoWeekRange": "75.5 - 219.58", "fiftyTwoWeekHighChange": -0.29000854, "fiftyTwoWeekHighChangePercent": -0.0013207421, "fiftyTwoWeekLow": 75.5, "fiftyTwoWeekHigh": 219.58, "dividendDate": 1371772800, "exDividendDate": 1370822400, "earningsTimestamp": 1603864812, "earningsTimestampStart": 1603864812, "earningsTimestampEnd": 1603864812, "trailingPE": 55.01505, "pegRatio": 5.53, "dividendsPerShare": 0.0, "revenue": 2214830080.0, "priceToSales": 6.216799, "marketState": "REGULAR", "epsTrailingTwelveMonths": 3.986, "epsForward": 6.9, "epsCurrentYear": 6.04, "epsNextQuarter": 1.28, "priceEpsCurrentYear": 36.30629, "priceEpsNextQuarter": 171.32031, "sharesOutstanding": 62789700, "bookValue": 17.483, "fiftyDayAverage": 196.50444, "fiftyDayAverageChange": 22.785553, "fiftyDayAverageChangePercent": 0.11595439, "twoHundredDayAverage": 147.63857, "twoHundredDayAverageChange": 71.65143, "twoHundredDayAverageChangePercent": 0.4853165, "marketCap": 13769152512, "forwardPE": 31.781158, "priceToBook": 12.543041, "sourceInterval": 15, "exchangeDataDelayedBy": 0, "exchangeTimezoneName": "America/New_York", "exchangeTimezoneShortName": "EDT", "pageViews": {"midTermTrend": "UP", "longTermTrend": "UP", "shortTermTrend": "UP"}, "gmtOffSetMilliseconds": -14400000, "esgPopulated": false, "tradeable": false, "symbol": "GNRC"}, {"language": "en-US", "region": "US", "quoteType": "EQUITY", "quoteSourceName": "Nasdaq Real Time Price", "triggerable": true, "quoteSummary": {"earnings": {"maxAge": 86400, "earningsChart": {"quarterly": [{"date": "4Q2019", "actual": 4.69, "estimate": 5.47}, {"date": "1Q2020", "actual": 3.11, "estimate": 3.35}, {"date": "2Q2020", "actual": 0.53, "estimate": 3.78}, {"date": "3Q2020", "actual": 9.68, "estimate": 5.57}], "currentQuarterEstimate": 5.96, "currentQuarterEstimateDate": "4Q", "currentQuarterEstimateYear": 2020, "earningsDate": [1610496000, 1610928000]}, "financialsChart": {"yearly": [{"date": 2016, "revenue": 30608000000, "earnings": 7398000000}, {"date": 2017, "revenue": 32073000000, "earnings": 4286000000}, {"date": 2018, "revenue": 35942000000, "earnings": 10459000000}, {"date": 2019, "revenue": 35481000000, "earnings": 8466000000}], "quarterly": [{"date": "4Q2019", "revenue": 9619000000, "earnings": 1917000000}, {"date": "1Q2020", "revenue": 7806000000, "earnings": 1213000000}, {"date": "2Q2020", "revenue": 11705000000, "earnings": 373000000}, {"date": "3Q2020", "revenue": 10503000000, "earnings": 3617000000}]}, "financialCurrency": "USD"}}, "components": ["^NQDMXJPLMAUD", "^NQDMXUS8000JPY", "^NQUSBLM", "^NQG8700LMEURN", "^NQG8000LMCAD", "^NQG8000LMEUR", "^NQDXUSMLTCGN", "^NQDM8700LMJPY", "^NQG8000LMGBPN", "^NQUS500LCGN", "^NQDMXUSSCAUDN", "^NQG8700LMJPYN", "^NQG8000LMN", "^NQNALMEURN", "^NQUSBLMCAD", "^NQUSB8770LMAUD", "^NQDM8000LMCADN", "^NQDMXKRJPYN", "^NQDMXKRSCJPY", "^NQDMXKRLMAUDN", "^NQDMXKRSCGBPN", "^NQUSB8777LM", "^NQNA8700LMAUDN", "^NQNA8700LMGBPN", "^NQDMXJPLMAUDN", "^NQDMXKRLMAUD", "^NQDM8000LMAUD", "^NQUSBLMJPY", "^NQUSB8000LMCADN", "^NQUSB8770LMAUDN", "^NQG8000LMJPY", "^NQDMXKRSC", "^NQG8700LMAUD", "^NQGXGBLMN", "^NQDMXKRLCJPY", "^NQDXUSLCEUR", "^NQUSB8000LMN", "^NQDM8700LMGBPN", "^NQDMXUSXKRGBP", "^NQDXUSLCG", "^NQUSB8777LMAUD", "^NQDMXUSSCCADN", "^NQNA8000LMN", "^NQUSB8777LMJPYN", "^NQDMXUSXKRSCAUDN", "^NQNA8000LMCADN", "^NQDMXKRAUD", "^NQNA8000LMJPY", "^NQDMXKRLMGBPN", "^NQGXGBLMGBPN", "^NQDMXUSXKRGBPN", "^NQDMXUSXKR", "^NQGXJPLMJPYN", "^NQNALMCADN", "^NQUSBLMEUR", "^NQGXUSSCN", "^NQNALMJPY", "^NQUSB8770LMGBP", "^NQGXGBLMJPY", "^NQGXJPLMJPY", "^NQG8700LMGBP", "^NQUSB8700LMGBP", "^NQDMXKR", "^NQDMXGBLMCADN", "^NQUSB8777LMEURN", "^NQDMXKRLCN", "^NQDMXUS8000JPYN", "^NQGXGBLMEURN", "^NQDMXUSSC", "^NQGXJPLMCAD", "^NQGXJPLMEUR", "^NQDMXJPLMGBPN", "^NQUSB8700LMCAD", "^NQDMXJPLMN", "^NQDMXUSXKRSCGBPN", "^NQDMXUSXKRSCGBP", "^NQDMXKRLCJPYN", "^NQDMXKRLMCADN", "^NQDMXUSXKREURN", "^NQUSB8770LMGBPN", "^NQDMXKRLCEUR", "^NQDXUSLC", "^NQGXGBLMJPYN", "^NQUSB8770LM", "^NQUSB8777LMJPY", "^NQUSBLMEURN", "^NQDMXKRJPY", "^NQDMXUSXKRJPYN", "^NQDMXKRLCCAD", "^NQG8700LMCADN", "^NQDMXKRLCEURN", "^NQNA8000LMAUD", "^NQUSMLTCG", "^NQUSB8700LMGBPN", "^NQDMXUSSCN", "^NQGXJPLMGBPN", "^NQUSB8777LMCAD", "^NQDM8000LMEURN", "^NQNA8700LMN", "^NQNALM", "^NQUS500LC", "^NQGXUSSCCAD", "^NQDMXGBLMJPY", "^NQDMXUS8000EURN", "^NQG8700LMN", "^NQGXUSSCEUR", "^NQNALMAUD", "^NQDXUSLCN", "^NQUSB8000LMEURN", "^NQUSB8700LMEUR", "^NQGXGBLMAUD", "^NQDM8000LM", "^NQUSB8000LMGBP", "^NQUSBLMN", "^NQDMXJPLMGBP", "^NQDM8700LMAUD", "^NQDMXUSSCEURN", "^NQDM8000LMN", "^NQDMXKRLMEUR", "^NQGXUSSCJPYN", "^NQUSB8000LMJPYN", "^NQDMXKRSCN", "^NQNALMAUDN", "^NQDMXUSXKRSCAUD", "^NQG8700LM", "^NQNA8000LM", "^NQDM8000LMJPYN", "^NQDMXUS8000EUR", "^NQDMXKRLMCAD", "^NQDMXGBLM", "^NQDMXKRSCAUD", "^NQDMXUSSCGBP", "^NQNA8700LMGBP", "^NQUSB8777LMCADN", "^NQUSB8700LMN", "^NQDMXGBLMJPYN", "^NQNA8000LMAUDN", "^NQNA8700LMJPYN", "^NQDM8000LMJPY", "^NQDM8700LMAUDN", "^NQDMXUS8000CAD", "^NQDMXKRLMJPY", "^NQUSBLMJPYN", "^NQDMXUSXKRAUD", "^NQUSB8000LMAUD", "^NQGXUSSCEURN", "^KSX", "^NQDMXGBLMCAD", "^NQUSB8700LMAUDN", "^NQUSLG", "^NQDMXGBLMEURN", "^NQDMXKRGBPN", "^NQDMXGBLMEUR", "^NQNA8700LMEURN", "^NQDMXKRAUDN", "^NQDMXKRLMJPYN", "^NQUSBLMCADN", "^NQNA8000LMGBPN", "^NQDMXGBLMN", "^NQDMXKRSCEURN", "^NQUSB8700LM", "^NQDM8700LMGBP", "^NQUSB8777LMGBPN", "^NQNALMGBPN", "^NQGXGBLMCADN", "^NQUSB8700LMCADN", "^NQDMXKRLCCADN", "^NQUSB8770LMEUR", "^NQDMXUSXKRCADN", "^NQGXJPLMCADN", "^NQG8700LMCAD", "^NQDM8700LMCADN", "^NQDMXKRSCJPYN", "^NQDM8000LMCAD", "^NQDMXUS8000GBP", "^NQUSB8770LMCAD", "^NQDM8000LMEUR", "^NQGXJPLM", "^NQDM8700LMN", "^NQDMXUSXKRSC", "^NQGXUSSCAUDN", "^NQDMXUSSCAUD", "^NQG8700LMEUR", "^NQUSBLMGBP", "^NQDMXUS8000", "^NQNALMN", "^NQDMXUS8000CADN", "^NQUSLGN", "^NQG8700LMAUDN", "^NQG8000LMGBP", "^NQDMXKRSCGBP", "^NQDMXUSSCJPYN", "^NQG8000LMJPYN", "^NQGXJPLMAUDN", "^NQDMXUSXKRJPY", "^DRBNNR", "^NQDMXUSXKRSCJPYN", "^DJI", "^NQDMXKRLCGBP", "^NQDMXKRLM", "^NQUSB8777LMAUDN", "^NQUSB8770LMJPYN", "^XBD", "^NQUSMLTCGN", "^NQDMXKRLC", "^NQNALMGBP", "^NQNA8000LMGBP", "^NQDMXJPLMJPYN", "^NQGXGBLM", "^NQUSB8777LMEUR", "^NQNA8700LMAUD", "^NQDMXKRN", "^NQDMXUS8000N", "^NQUSB8770LMJPY", "^NQDMXUSXKRSCN", "^NQDMXJPLMEURN", "^NQDXUSMLTCG", "^NQG8700LMGBPN", "^NQUSB8770LMEURN", "^NQDMXJPLM", "^NQDMXKREUR", "^NQGXJPLMGBP", "^NQGXUSSCCADN", "^NQDMXKRLMEURN", "^NQUSBLMAUD", "^NQGXGBLMGBP", "^NQDMXKRCAD", "^DJA", "^NQUSB8777LMN", "^NQG8700LMJPY", "^NQUSB8700LMJPY", "^NQNA8700LMCADN", "^DRBSN", "^NQDXUSLCEURN", "^NQG8000LMEURN", "^NQGXUSSC", "^NQDMXUSXKRSCEURN", "^NQDMXKRLCAUD", "^NQGXUSSCGBPN", "^NQDXUSMEGAN", "^NQNA8000LMCAD", "^NQNALMCAD", "^NQDMXUSXKREUR", "^NQUSB8000LMEUR", "^NQNA8000LMEUR", "^NQG8000LM", "^NQUSB8000LMCAD", "^NQUSB8000LMGBPN", "^NQDMXUSXKRSCJPY", "^NQDM8700LMJPYN", "^NQGXJPLMEURN", "^NQUSB8700LMEURN", "^NQUSB8777LMGBP", "^NQDM8000LMGBPN", "^NQDXUSLCGBP", "^NQGXJPLMN", "^NQDMXUS8000AUDN", "^NQNALMEUR", "^NQNA8700LMJPY", "^NQDMXKRSCCADN", "^NQDMXUSXKRCAD", "^NQDM8700LMEURN", "^NQGXGBLMEUR", "^NQDMXKRGBP", "^NQUSB8700LMAUD", "^NQDMXGBLMGBPN", "^NQG8000LMAUDN", "^NQNA8700LM", "^NQNA8700LMEUR", "^NQDMXKRCADN", "^NQGXGBLMCAD", "^NQDMXGBLMGBP", "^NQDMXKRLCAUDN", "^NQDXUSLCGBPN", "^NQUSB8000LMJPY", "^NQNA8700LMCAD", "^NQUSBLMGBPN", "^NQDMXKRLMN", "^NQGXJPLMAUD", "^NQDMXUSXKRSCCAD", "^NQDMXGBLMAUDN", "^NQDMXUS8000AUD", "^NQDMXJPLMJPY", "^NQDMXUSXKRN", "^NQDMXKRLCGBPN", "^NQDMXUS8000GBPN", "^NQDMXUSXKRSCEUR", "^NQDXUSLCGN", "^NQDM8000LMAUDN", "^NQDMXKRSCCAD", "^NQNA8000LMJPYN", "^NQUS500LCG", "^NQDMXKREURN", "^NQNALMJPYN", "^NQDM8700LM", "^NQDMXUSSCCAD", "^NQDMXJPLMCADN", "^NQDVRIS", "^NQUSB8000LM", "^NQDM8700LMCAD", "^NQDMXUSSCEUR", "^NQNA8000LMEURN", "^NQUSB8770LMN", "^NQDM8700LMEUR", "^NQUSB8700LMJPYN", "^NQUSB8000LMAUDN", "^NQDMXGBLMAUD", "^NQDMXUSXKRSCCADN", "^NQUSBLMAUDN", "^NQUSB8770LMCADN", "^NQDMXUSSCJPY", "^NQDM8000LMGBP", "^NQDMXJPLMCAD", "^DRBGN", "^DRBS", "^NQDMXJPLMEUR", "^NQDXUSMEGA", "^NQG8000LMCADN", "^DRBN", "^NQDMXKRLMGBP", "^NQGXGBLMAUDN", "^NQDMXKRSCAUDN", "^NQDMXKRSCEUR", "^NQUS500LCN", "^DRBG", "^NQG8000LMAUD", "^NQDMXUSSCGBPN", "^NQDMXUSXKRAUDN"], "currency": "USD", "firstTradeDateMilliseconds": 925824600000, "priceHint": 2, "totalCash": 561000020000.0, "floatShares": 351312449, "shortRatio": 1.15, "preMarketChange": 0.59999084, "preMarketChangePercent": 0.31630072, "preMarketTime": 1603978023, "targetPriceHigh": 356.0, "targetPriceLow": 200.0, "targetPriceMean": 255.92, "targetPriceMedian": 252.5, "preMarketPrice": 190.29, "heldPercentInsiders": 0.596, "heldPercentInstitutions": 76.196, "regularMarketChange": -0.29000854, "regularMarketChangePercent": -0.15282106, "regularMarketTime": 1603978203, "regularMarketPrice": 189.48, "regularMarketDayHigh": 189.8962, "regularMarketDayRange": "189.48 - 189.8962", "regularMarketDayLow": 189.48, "regularMarketVolume": 58729, "sharesShort": 4260927, "sharesShortPrevMonth": 4011051, "shortPercentFloat": 1.24, "regularMarketPreviousClose": 189.77, "bid": 189.5, "ask": 191.48, "bidSize": 8, "askSize": 10, "exchange": "NYQ", "market": "us_market", "messageBoardId": "finmb_398625", "fullExchangeName": "NYSE", "shortName": "Goldman Sachs Group, Inc. (The)", "longName": "The Goldman Sachs Group, Inc.", "regularMarketOpen": 191.31, "averageDailyVolume3Month": 3206658, "averageDailyVolume10Day": 3096750, "beta": 1.390512, "fiftyTwoWeekLowChange": 58.62999, "fiftyTwoWeekLowChangePercent": 0.4480702, "fiftyTwoWeekRange": "130.85 - 250.46", "fiftyTwoWeekHighChange": -60.98001, "fiftyTwoWeekHighChangePercent": -0.24347205, "fiftyTwoWeekLow": 130.85, "fiftyTwoWeekHigh": 250.46, "dividendDate": 1601337600, "exDividendDate": 1598832000, "earningsTimestamp": 1602678600, "earningsTimestampStart": 1610544600, "earningsTimestampEnd": 1610976600, "trailingAnnualDividendRate": 5.0, "trailingPE": 10.50449, "pegRatio": 1.15, "dividendsPerShare": 5.0, "dividendRate": 5.0, "trailingAnnualDividendYield": 0.026347684, "dividendYield": 2.63, "revenue": 39632998000.0, "priceToSales": 1.6449808, "marketState": "REGULAR", "epsTrailingTwelveMonths": 18.038, "epsForward": 24.08, "epsCurrentYear": 19.18, "epsNextQuarter": 6.09, "priceEpsCurrentYear": 9.879041, "priceEpsNextQuarter": 31.113298, "sharesOutstanding": 344076000, "bookValue": 229.831, "fiftyDayAverage": 201.01611, "fiftyDayAverageChange": -11.536118, "fiftyDayAverageChangePercent": -0.057389017, "twoHundredDayAverage": 198.60643, "twoHundredDayAverageChange": -9.126434, "twoHundredDayAverageChangePercent": -0.04595236, "marketCap": 65195520000, "forwardPE": 7.8687706, "priceToBook": 0.8244319, "sourceInterval": 15, "exchangeDataDelayedBy": 0, "exchangeTimezoneName": "America/New_York", "exchangeTimezoneShortName": "EDT", "pageViews": {"midTermTrend": "UP", "longTermTrend": "UP", "shortTermTrend": "DOWN"}, "gmtOffSetMilliseconds": -14400000, "esgPopulated": false, "tradeable": false, "symbol": "GS"}, {"language": "en-US", "region": "US", "quoteType": "EQUITY", "quoteSourceName": "Nasdaq Real Time Price", "triggerable": true, "quoteSummary": {"earnings": {"maxAge": 86400, "earningsChart": {"quarterly": [{"date": "4Q2019", "actual": 2.53, "estimate": 2.52}, {"date": "1Q2020", "actual": 2.28, "estimate": 2.1}, {"date": "2Q2020", "actual": 2.08, "estimate": 2.27}, {"date": "3Q2020", "actual": 4.02, "estimate": 3.71}], "currentQuarterEstimate": 2.97, "currentQuarterEstimateDate": "4Q", "currentQuarterEstimateYear": 2020, "earningsDate": [1605571200]}, "financialsChart": {"yearly": [{"date": 2017, "revenue": 94595000000, "earnings": 7957000000}, {"date": 2018, "revenue": 100904000000, "earnings": 8630000000}, {"date": 2019, "revenue": 108203000000, "earnings": 11121000000}, {"date": 2020, "revenue": 110225000000, "earnings": 11242000000}], "quarterly": [{"date": "4Q2019", "revenue": 27223000000, "earnings": 2769000000}, {"date": "1Q2020", "revenue": 25782000000, "earnings": 2481000000}, {"date": "2Q2020", "revenue": 28260000000, "earnings": 2245000000}, {"date": "3Q2020", "revenue": 38053000000, "earnings": 4332000000}]}, "financialCurrency": "USD"}}, "components": ["^NQDMXJPLMAUD", "^NQDOG", "^NQUSBLM", "^NQNA5300LMCADN", "^NQSHYL", "^DWAMLVDM", "^NQDXUSMLTCGN", "^NQUS500LCGN", "^NQDM5000LMGBPN", "^NQUSB5370LMEURN", "^NQGMOIN", "^NQUSB5000LM", "^NQUSB5370LMN", "^NQDM5300LMAUDN", "^NQNALMEURN", "^NQUSBLMCAD", "^NQDMXKRJPYN", "^NQDMXKRLMAUDN", "^NQNA5000LMAUDN", "^NQUSB5300LMN", "^NQUSB5300LMAUDN", "^NQDMXJPLMAUDN", "^NQDMXKRLMAUD", "^NQUSBLMJPY", "^NQG5300LMGBP", "^NQUSB5000LMGBPN", "^NQUSB5370LMGBP", "^NQDM5000LM", "^NQPRCE", "^NQDM5000LMGBP", "^NQGXGBLMN", "^NQVDIV", "^NQDMXKRLCJPY", "^NQG5000LMEUR", "^NQDXUSLCEUR", "^NQG5000LMCAD", "^NQDXUSLCG", "^CAPEXA", "^NQNA5000LMAUD", "^NQDM5000LMN", "^NQDMXKRAUD", "^NQNA5300LM", "^NQDMXKRLMGBPN", "^NQGXGBLMGBPN", "^NQNA5000LMCADN", "^NQNA5300LMAUDN", "^NQGXJPLMJPYN", "^NQNALMCADN", "^NQUSBLMEUR", "^NQG5300LMN", "^NQNALMJPY", "^NQG5300LMAUD", "^NQG5000LMJPY", "^NQGXGBLMJPY", "^NQGXJPLMJPY", "^NQUSB5370LMAUD", "^NQUSB5300LMEUR", "^NQDMXKR", "^NQDMXGBLMCADN", "^NQUSB5300LMCAD", "^NQDM5300LMJPY", "^NQDMXKRLCN", "^NQGXGBLMEURN", "^NQGXJPLMCAD", "^NQUSB5000LMGBP", "^NQGXJPLMEUR", "^NQUSB5300LMCADN", "^NQDMXJPLMGBPN", "^NQG5300LMJPYN", "^NQUSB5300LMJPY", "^NQDMXJPLMN", "^NQNA5000LMJPY", "^NQDMXKRLCJPYN", "^NQDMXKRLMCADN", "^NQNA5000LMGBPN", "^NQDMXKRLCEUR", "^NQNA5300LMJPY", "^NQDXUSLC", "^NQGXGBLMJPYN", "^NQG5300LMEURN", "^NQUSB5370LMCADN", "^NQUSBLMEURN", "^NQDMXKRJPY", "^NQDMXKRLCCAD", "^NQDMXKRLCEURN", "^NQDM5300LMN", "^NQUSMLTCG", "^NQGXJPLMGBPN", "^NQDM5300LMCAD", "^NQNALM", "^NQUS500LC", "^NQDM5300LMCADN", "^NQDM5300LMEUR", "^NQDMXGBLMJPY", "^NQNALMAUD", "^NQDXUSLCN", "^NQG5000LMEURN", "^NQGXGBLMAUD", "^NQVDIVN", "^NQUSBLMN", "^NQDMXJPLMGBP", "^NQNA5300LMCAD", "^NQFGSL", "^NQUSB5000LMAUD", "^NQG5000LMJPYN", "^NQDMXKRLMEUR", "^NQUSB5000LMEURN", "^NQNALMAUDN", "^NQUSB5370LMAUDN", "^NQDM5000LMCAD", "^CAPEXAN", "^DWAMLVDMNTR", "^NQDMXKRLMCAD", "^NQDMXGBLM", "^NQNA5300LMEUR", "^NQNA5300LMGBPN", "^NQNA5300LMN", "^NQSHYLN", "^NQDMXGBLMJPYN", "^NQDOGN", "^NQDM5000LMEUR", "^NQDM5300LM", "^NQDM5000LMJPYN", "^NQDMXKRLMJPY", "^NQG5000LM", "^NQSSRE", "^NQUSBLMJPYN", "^NQDMXGBLMCAD", "^NQUSB5000LMJPYN", "^NQUSLG", "^NQDMXGBLMEURN", "^NQDMXKRGBPN", "^NQDMXGBLMEUR", "^NQDM5000LMEURN", "^NQUSB5300LMEURN", "^NQDMXKRAUDN", "^NQDMXKRLMJPYN", "^NQUSBLMCADN", "^NQDMXGBLMN", "^NQG5300LMCADN", "^NQNALMGBPN", "^NQGXGBLMCADN", "^NQUSB5370LM", "^NQDMXKRLCCADN", "^NQGXJPLMCADN", "^NQGXJPLM", "^NQUSB5370LMGBPN", "^NQG5300LM", "^NQUSB5000LMN", "^NQG5300LMJPY", "^NQUSBLMGBP", "^NQUSB5300LMJPYN", "^NQDM5300LMEURN", "^NQNA5300LMAUD", "^NQNALMN", "^NQG5000LMCADN", "^NQUSLGN", "^NQDM5300LMJPYN", "^NQUSB5370LMJPY", "^NQDM5000LMJPY", "^NQFFUSLV", "^NQG5300LMCAD", "^NQGXJPLMAUDN", "^NQUSB5370LMEUR", "^NQUSB5000LMCADN", "^NQUSB5370LMCAD", "^NQCAPST", "^DJI", "^NQDMXKRLCGBP", "^NQDMXKRLM", "^NQUSMLTCGN", "^NQDMXKRLC", "^NQNALMGBP", "^NQUSB5300LMAUD", "^NQDMXJPLMJPYN", "^NQGXGBLM", "^NQNA5000LMCAD", "^NQGMOI", "^NQDMXKRN", "^NQNA5000LMEUR", "^NQDM5000LMCADN", "^NQDMXJPLMEURN", "^NQDXUSMLTCG", "^NQFFUSLVN", "^NQFFUSMN", "^NQDMXJPLM", "^NQG5000LMN", "^NQDMXKREUR", "^NQGXJPLMGBP", "^NQDMXKRLMEURN", "^NQUSBLMAUD", "^NQG5000LMGBP", "^NQGXGBLMGBP", "^NQDMXKRCAD", "^NQPRCEN", "^DJA", "^NQG5300LMEUR", "^NQDM5300LMGBP", "^NQDXUSLCEURN", "^NQUSB5000LMJPY", "^NQG5000LMGBPN", "^NQDMXKRLCAUD", "^NQDXUSMEGAN", "^NQNALMCAD", "^NQNA5000LMGBP", "^NQUSB5300LMGBP", "^NQNA5300LMEURN", "^NQNA5000LM", "^NQGXJPLMEURN", "^NQNA5300LMGBP", "^NQUSB5300LM", "^NQDXUSLCGBP", "^NQGXJPLMN", "^NQNALMEUR", "^NQNA5300LMJPYN", "^NQGXGBLMEUR", "^NQDMXKRGBP", "^NQUSB5000LMAUDN", "^NQFFUSM", "^NQDMXGBLMGBPN", "^NQDMXKRCADN", "^NQGXGBLMCAD", "^NQDMXGBLMGBP", "^NQDMXKRLCAUDN", "^NQDXUSLCGBPN", "^NQG5000LMAUD", "^NQDM5300LMAUD", "^NQUSB5000LMCAD", "^NQUSB5000LMEUR", "^NQUSBLMGBPN", "^NQG5300LMGBPN", "^NQDMXKRLMN", "^NQFFUSQ", "^NQFGSLN", "^NQGXJPLMAUD", "^NQDMXGBLMAUDN", "^NQDMXJPLMJPY", "^NQDMXKRLCGBPN", "^NQNA5000LMJPYN", "^NQDXUSLCGN", "^NQDM5000LMAUDN", "^NQUS500LCG", "^NQDMXKREURN", "^NQNALMJPYN", "^NQFFUSQN", "^NQG5000LMAUDN", "^NQDMXJPLMCADN", "^NQNA5000LMEURN", "^NQSSREN", "^NQDMXGBLMAUD", "^NQNA5000LMN", "^NQUSBLMAUDN", "^NQG5300LMAUDN", "^NQDMXJPLMCAD", "^NQUSB5370LMJPYN", "^NQDMXJPLMEUR", "^NQDXUSMEGA", "^NQDMXKRLMGBP", "^NQGXGBLMAUDN", "^NQUSB5300LMGBPN", "^NQUS500LCN", "^NQDM5300LMGBPN", "^NQDM5000LMAUD"], "currency": "USD", "firstTradeDateMilliseconds": 370013400000, "priceHint": 2, "totalCash": 14138999800.0, "floatShares": 1074862360, "ebitda": 19104000000, "shortRatio": 1.98, "preMarketChange": 0.17990112, "preMarketChangePercent": 0.066699214, "preMarketTime": 1603978007, "targetPriceHigh": 350.0, "targetPriceLow": 226.0, "targetPriceMean": 303.76, "targetPriceMedian": 307.5, "preMarketPrice": 269.8999, "heldPercentInsiders": 0.116, "heldPercentInstitutions": 72.203, "regularMarketChange": -0.23501587, "regularMarketChangePercent": -0.08713327, "regularMarketTime": 1603978204, "regularMarketPrice": 269.485, "regularMarketDayHigh": 269.6, "regularMarketDayRange": "269.33 - 269.6", "regularMarketDayLow": 269.33, "regularMarketVolume": 57815, "sharesShort": 6224274, "sharesShortPrevMonth": 5893186, "shortPercentFloat": 0.58, "regularMarketPreviousClose": 269.72, "bid": 268.0, "ask": 272.99, "bidSize": 8, "askSize": 9, "exchange": "NYQ", "market": "us_market", "messageBoardId": "finmb_278679", "fullExchangeName": "NYSE", "shortName": "Home Depot, Inc. (The)", "longName": "The Home Depot, Inc.", "regularMarketOpen": 270.25, "averageDailyVolume3Month": 3330321, "averageDailyVolume10Day": 2591462, "beta": 1.088251, "fiftyTwoWeekLowChange": 128.85498, "fiftyTwoWeekLowChangePercent": 0.9162695, "fiftyTwoWeekRange": "140.63 - 292.95", "fiftyTwoWeekHighChange": -23.465027, "fiftyTwoWeekHighChangePercent": -0.08009908, "fiftyTwoWeekLow": 140.63, "fiftyTwoWeekHigh": 292.95, "dividendDate": 1600300800, "exDividendDate": 1599004800, "earningsTimestamp": 1605619800, "earningsTimestampStart": 1605619800, "earningsTimestampEnd": 1605619800, "trailingAnnualDividendRate": 5.86, "trailingPE": 24.682632, "pegRatio": 3.34, "dividendsPerShare": 5.72, "dividendRate": 6.0, "trailingAnnualDividendYield": 0.021726236, "dividendYield": 2.17, "revenue": 119318004000.0, "priceToSales": 2.5425112, "marketState": "REGULAR", "epsTrailingTwelveMonths": 10.918, "epsForward": 11.95, "epsCurrentYear": 11.37, "epsNextQuarter": 2.34, "priceEpsCurrentYear": 23.701406, "priceEpsNextQuarter": 115.16453, "sharesOutstanding": 1076460032, "bookValue": -0.385, "fiftyDayAverage": 279.0839, "fiftyDayAverageChange": -9.598907, "fiftyDayAverageChangePercent": -0.034394342, "twoHundredDayAverage": 257.7677, "twoHundredDayAverageChange": 11.717285, "twoHundredDayAverageChangePercent": 0.045456763, "marketCap": 303367356416, "forwardPE": 22.551044, "priceToBook": -699.961, "sourceInterval": 15, "exchangeDataDelayedBy": 0, "exchangeTimezoneName": "America/New_York", "exchangeTimezoneShortName": "EDT", "pageViews": {"midTermTrend": "UP", "longTermTrend": "UP", "shortTermTrend": "DOWN"}, "gmtOffSetMilliseconds": -14400000, "esgPopulated": false, "tradeable": false, "symbol": "HD"}, {"language": "en-US", "region": "US", "quoteType": "EQUITY", "quoteSourceName": "Nasdaq Real Time Price", "triggerable": true, "quoteSummary": {"earnings": {"maxAge": 86400, "earningsChart": {"quarterly": [{"date": "3Q2019", "actual": 1.05, "estimate": 1.02}, {"date": "4Q2019", "actual": 1.0, "estimate": 0.96}, {"date": "1Q2020", "actual": 0.74, "estimate": 0.55}, {"date": "2Q2020", "actual": -0.61, "estimate": -0.31}], "currentQuarterEstimate": -0.02, "currentQuarterEstimateDate": "3Q", "currentQuarterEstimateYear": 2020, "earningsDate": [1604448000]}, "financialsChart": {"yearly": [{"date": 2016, "revenue": 2970000000, "earnings": 338000000}, {"date": 2017, "revenue": 3404000000, "earnings": 1084000000}, {"date": 2018, "revenue": 3668000000, "earnings": 764000000}, {"date": 2019, "revenue": 3766000000, "earnings": 881000000}], "quarterly": [{"date": "3Q2019", "revenue": 961000000, "earnings": 288000000}, {"date": "4Q2019", "revenue": 946000000, "earnings": 175000000}, {"date": "1Q2020", "revenue": 655000000, "earnings": 18000000}, {"date": "2Q2020", "revenue": 176000000, "earnings": -430000000}]}, "financialCurrency": "USD"}}, "components": ["^NQDMXJPLMAUD", "^NQUSBLM", "^NQG5700LMCADN", "^NQDM5700LMJPYN", "^NQUSB5753LMEURN", "^NQUSB5753LMGBP", "^NQDM5000LMGBPN", "^NQDM5700LM", "^NQDM5700LMEURN", "^NQUSB5000LM", "^NQNALMEURN", "^NQUSBLMCAD", "^NQDMXKRJPYN", "^NQDMXKRLMAUDN", "^NQG5700LMGBP", "^NQNA5000LMAUDN", "^NQDM5700LMN", "^NQDMXJPLMAUDN", "^NQDMXKRLMAUD", "^NQUSBLMJPY", "^NQUSB5000LMGBPN", "^NQDM5000LM", "^NQDM5000LMGBP", "^NQGXGBLMN", "^NQUS500LCVN", "^NQDMXKRLCJPY", "^NQUSB5700LMEUR", "^NQG5000LMEUR", "^NQG5000LMCAD", "^NQNA5000LMAUD", "^NQDM5000LMN", "^NQDMXKRAUD", "^NQDMXKRLMGBPN", "^NQGXGBLMGBPN", "^NQNA5000LMCADN", "^NQGXJPLMJPYN", "^NQNALMCADN", "^NQUSBLMEUR", "^NQNALMJPY", "^NQUSB5753LMN", "^NQG5700LMAUD", "^NQG5000LMJPY", "^NQGXGBLMJPY", "^QCRD", "^NQUSB5700LMN", "^NQGXJPLMJPY", "^NQDMXKR", "^NQDMXGBLMCADN", "^NQDM5700LMJPY", "^NQUSB5700LMCAD", "^NQDMXKRLCN", "^NQGXGBLMEURN", "^NQGXJPLMCAD", "^NQUSB5000LMGBP", "^NQGXJPLMEUR", "^NQNA5700LMEURN", "^NQDMXJPLMGBPN", "^NQDMXJPLMN", "^NQNA5000LMJPY", "^NQDMXKRLCJPYN", "^NQDMXKRLMCADN", "^NQNA5000LMGBPN", "^NQDMXKRLCEUR", "^NQUSB5700LMGBP", "^NQGXGBLMJPYN", "^NQNA5700LM", "^NQUSBLMEURN", "^NQUSB5753LMCADN", "^NQDMXKRJPY", "^NQDMXKRLCCAD", "^NQDMXKRLCEURN", "^NQGXJPLMGBPN", "^NQNALM", "^NQUS500LC", "^NQDMXGBLMJPY", "^NQUSMLTCV", "^NQNALMAUD", "^NQG5700LMN", "^NQNA5700LMJPYN", "^NQG5000LMEURN", "^NQGXGBLMAUD", "^NQDM5700LMAUD", "^NQUSBLMN", "^NQDMXJPLMGBP", "^NQUSB5753LMEUR", "^NQUSB5000LMAUD", "^NQG5000LMJPYN", "^NQDMXKRLMEUR", "^NQUSB5000LMEURN", "^NQDM5700LMGBPN", "^NQNALMAUDN", "^NQDM5000LMCAD", "^NQDMXKRLMCAD", "^NQDMXGBLM", "^NQUSB5753LM", "^NQDMXGBLMJPYN", "^NQNA5700LMGBP", "^NQDM5000LMEUR", "^NQDM5000LMJPYN", "^NQDMXKRLMJPY", "^NQG5700LMAUDN", "^NQG5000LM", "^NQUSBLMJPYN", "^NQUSB5753LMAUDN", "^NQDMXGBLMCAD", "^NQUSB5000LMJPYN", "^NQUSLG", "^NQDMXGBLMEURN", "^NQDMXKRGBPN", "^NQDMXGBLMEUR", "^NQDM5000LMEURN", "^NQDMXKRAUDN", "^NQDMXKRLMJPYN", "^NQUSBLMCADN", "^NQDMXGBLMN", "^NQNALMGBPN", "^NQGXGBLMCADN", "^NQG5700LM", "^NQDMXKRLCCADN", "^NQGXJPLMCADN", "^NQUSB5753LMJPY", "^NQUSB5700LMGBPN", "^NQDM5700LMAUDN", "^NQG5700LMJPY", "^NQGXJPLM", "^NQUSB5753LMGBPN", "^NQUSB5000LMN", "^NQUSBLMGBP", "^NQNA5700LMAUD", "^NQNALMN", "^NQG5000LMCADN", "^NQUSLGN", "^NQUSB5753LMCAD", "^NQUSB5700LMAUDN", "^NQNA5700LMCADN", "^NQDM5000LMJPY", "^NQGXJPLMAUDN", "^NQUSB5000LMCADN", "^NQDMXKRLCGBP", "^NQDMXKRLM", "^NQDMXKRLC", "^NQNALMGBP", "^NQNA5700LMAUDN", "^NQUSB5700LMAUD", "^NQDMXJPLMJPYN", "^NQGXGBLM", "^NQNA5000LMCAD", "^NQG5700LMGBPN", "^NQDMXKRN", "^NQNA5000LMEUR", "^NQUSMLTCVN", "^NQDM5000LMCADN", "^NQDMXJPLMEURN", "^NQDMXJPLM", "^NQG5000LMN", "^NQDMXKREUR", "^NQGXJPLMGBP", "^NQDMXKRLMEURN", "^NQUSBLMAUD", "^NQDM5700LMGBP", "^NQG5000LMGBP", "^NQGXGBLMGBP", "^NQDMXKRCAD", "^NQG5700LMEUR", "^NQG5700LMCAD", "^NQUSB5000LMJPY", "^NQG5000LMGBPN", "^NQDMXKRLCAUD", "^NQNALMCAD", "^NQNA5000LMGBP", "^NQG5700LMEURN", "^NQNA5000LM", "^NQGXJPLMEURN", "^NQUSB5700LMCADN", "^NQUSB5700LMJPY", "^NQGXJPLMN", "^NQNALMEUR", "^NQNA5700LMN", "^NQDM5700LMCADN", "^NQG5700LMJPYN", "^NQGXGBLMEUR", "^NQDMXKRGBP", "^NQUSB5000LMAUDN", "^NQDM5700LMCAD", "^NQDMXGBLMGBPN", "^NQDMXKRCADN", "^NQGXGBLMCAD", "^NQDMXGBLMGBP", "^NQDMXKRLCAUDN", "^NQDM5700LMEUR", "^NQG5000LMAUD", "^NQUSB5000LMCAD", "^NQUSB5000LMEUR", "^NQUSBLMGBPN", "^NQDMXKRLMN", "^NQGXJPLMAUD", "^NQDMXGBLMAUDN", "^NQDMXJPLMJPY", "^NQDMXKRLCGBPN", "^NQNA5000LMJPYN", "^NQDM5000LMAUDN", "^NQUSB5700LM", "^NQDMXKREURN", "^NQNALMJPYN", "^NQUSB5753LMAUD", "^NQG5000LMAUDN", "^NQNA5700LMCAD", "^NQDMXJPLMCADN", "^NQNA5000LMEURN", "^NQNA5700LMEUR", "^NQDMXGBLMAUD", "^NQUSB5700LMJPYN", "^NQNA5000LMN", "^NQUSB5753LMJPYN", "^NQUSBLMAUDN", "^NQNA5700LMJPY", "^NQDMXJPLMCAD", "^NQDMXJPLMEUR", "^NQUSB5700LMEURN", "^NQDMXKRLMGBP", "^NQGXGBLMAUDN", "^NQNA5700LMGBPN", "^NQUS500LCN", "^NQDM5000LMAUD", "^NQUS500LCV"], "currency": "USD", "firstTradeDateMilliseconds": 1386858600000, "priceHint": 2, "totalCash": 3503000060.0, "floatShares": 272797529, "ebitda": 1062000000, "shortRatio": 3.46, "preMarketChange": 0.3600006, "preMarketChangePercent": 0.42847016, "preMarketTime": 1603975953, "targetPriceHigh": 110.0, "targetPriceLow": 77.0, "targetPriceMean": 90.8, "targetPriceMedian": 92.0, "preMarketPrice": 84.38, "heldPercentInsiders": 1.616, "heldPercentInstitutions": 101.716, "regularMarketChange": -0.01499939, "regularMarketChangePercent": -0.017852167, "regularMarketTime": 1603978202, "regularMarketPrice": 84.005, "regularMarketDayHigh": 84.5, "regularMarketDayRange": "84.005 - 84.5", "regularMarketDayLow": 84.005, "regularMarketVolume": 15488, "sharesShort": 9461502, "sharesShortPrevMonth": 9052721, "shortPercentFloat": 3.48, "regularMarketPreviousClose": 84.02, "bid": 83.81, "ask": 84.39, "bidSize": 9, "askSize": 11, "exchange": "NYQ", "market": "us_market", "messageBoardId": "finmb_29470", "fullExchangeName": "NYSE", "shortName": "Hilton Worldwide Holdings Inc.", "longName": "Hilton Worldwide Holdings Inc.", "regularMarketOpen": 85.98, "averageDailyVolume3Month": 2703173, "averageDailyVolume10Day": 2498700, "beta": 1.2984, "fiftyTwoWeekLowChange": 39.704998, "fiftyTwoWeekLowChangePercent": 0.89627534, "fiftyTwoWeekRange": "44.3 - 115.48", "fiftyTwoWeekHighChange": -31.475006, "fiftyTwoWeekHighChangePercent": -0.27255806, "fiftyTwoWeekLow": 44.3, "fiftyTwoWeekHigh": 115.48, "dividendDate": 1585612800, "exDividendDate": 1582761600, "earningsTimestamp": 1604496600, "earningsTimestampStart": 1604496600, "earningsTimestampEnd": 1604496600, "trailingAnnualDividendRate": 0.45, "trailingPE": 461.56592, "pegRatio": -69.31, "dividendsPerShare": 0.45, "trailingAnnualDividendYield": 0.0053558676, "revenue": 2737999870.0, "priceToSales": 8.50816, "marketState": "REGULAR", "epsTrailingTwelveMonths": 0.182, "epsForward": 2.33, "epsCurrentYear": 0.29, "epsNextQuarter": 0.15, "priceEpsCurrentYear": 289.67242, "priceEpsNextQuarter": 560.03326, "sharesOutstanding": 277260992, "bookValue": -4.684, "fiftyDayAverage": 89.00305, "fiftyDayAverageChange": -4.9980545, "fiftyDayAverageChangePercent": -0.05615599, "twoHundredDayAverage": 81.2315, "twoHundredDayAverageChange": 2.7734985, "twoHundredDayAverageChangePercent": 0.034143142, "marketCap": 23295340544, "forwardPE": 36.05365, "priceToBook": -17.934458, "sourceInterval": 15, "exchangeDataDelayedBy": 0, "exchangeTimezoneName": "America/New_York", "exchangeTimezoneShortName": "EDT", "pageViews": {"midTermTrend": "UP", "longTermTrend": "UP", "shortTermTrend": "UP"}, "gmtOffSetMilliseconds": -14400000, "esgPopulated": false, "tradeable": false, "symbol": "HLT"}, {"language": "en-US", "region": "US", "quoteType": "EQUITY", "quoteSourceName": "Nasdaq Real Time Price", "triggerable": true, "quoteSummary": {"earnings": {"maxAge": 86400, "earningsChart": {"quarterly": [], "currentQuarterEstimate": -0.08, "earningsDate": []}, "financialsChart": {"yearly": [{"date": 2018, "revenue": 0, "earnings": -1532318000}, {"date": 2019, "revenue": 284367000, "earnings": -2438536000}], "quarterly": [{"date": "1Q2019", "revenue": 0, "earnings": -358361000}, {"date": "1Q2020", "revenue": 851675000, "earnings": -77113000}]}, "financialCurrency": "CNY"}}, "currency": "USD", "firstTradeDateMilliseconds": 1596115800000, "priceHint": 2, "floatShares": 61777575, "shortRatio": 1.34, "preMarketChange": 0.6000004, "preMarketChangePercent": 3.210275, "preMarketTime": 1603978083, "targetPriceHigh": 24.76, "targetPriceLow": 9.9, "targetPriceMean": 18.76, "targetPriceMedian": 19.56, "preMarketPrice": 19.29, "postMarketChangePercent": 0.05350577, "postMarketTime": 1603929578, "postMarketPrice": 18.7, "postMarketChange": 0.010000229, "regularMarketChange": -0.51999855, "regularMarketChangePercent": -2.706916, "regularMarketTime": 1603915202, "regularMarketPrice": 18.69, "regularMarketDayHigh": 19.1, "regularMarketDayRange": "17.92 - 19.1", "regularMarketDayLow": 17.92, "regularMarketVolume": 306918, "sharesShort": 8917059, "sharesShortPrevMonth": 10167200, "regularMarketPreviousClose": 19.21, "bid": 19.04, "ask": 19.09, "bidSize": 30, "askSize": 22, "exchange": "NMS", "market": "us_market", "messageBoardId": "finmb_676755414", "fullExchangeName": "NasdaqGS", "shortName": "Li Auto Inc.", "longName": "Li Auto Inc.", "regularMarketOpen": 18.68, "averageDailyVolume3Month": 9735207, "averageDailyVolume10Day": 6079800, "fiftyTwoWeekLowChange": 4.38, "fiftyTwoWeekLowChangePercent": 0.30607966, "fiftyTwoWeekRange": "14.31 - 24.48", "fiftyTwoWeekHighChange": -5.789999, "fiftyTwoWeekHighChangePercent": -0.23651958, "fiftyTwoWeekLow": 14.31, "fiftyTwoWeekHigh": 24.48, "earningsTimestamp": 1486411200, "dividendsPerShare": 0.0, "marketState": "REGULAR", "epsCurrentYear": -0.16, "epsNextQuarter": -0.04, "priceEpsCurrentYear": -116.81251, "priceEpsNextQuarter": -467.25003, "sharesOutstanding": 845523008, "fiftyDayAverage": 17.797777, "fiftyDayAverageChange": 0.89222336, "fiftyDayAverageChangePercent": 0.05013117, "twoHundredDayAverage": 17.344843, "twoHundredDayAverageChange": 1.3451576, "twoHundredDayAverageChangePercent": 0.07755375, "marketCap": 15631269888, "sourceInterval": 15, "exchangeDataDelayedBy": 0, "exchangeTimezoneName": "America/New_York", "exchangeTimezoneShortName": "EDT", "pageViews": {"midTermTrend": "UP", "longTermTrend": "UP", "shortTermTrend": "DOWN"}, "gmtOffSetMilliseconds": -14400000, "esgPopulated": false, "tradeable": false, "symbol": "LI"}, {"language": "en-US", "region": "US", "quoteType": "EQUITY", "quoteSourceName": "Nasdaq Real Time Price", "triggerable": true, "quoteSummary": {"earnings": {"maxAge": 86400, "earningsChart": {"quarterly": [{"date": "4Q2019", "actual": 0.96, "estimate": 0.93}, {"date": "1Q2020", "actual": 2.28, "estimate": 2.24}, {"date": "2Q2020", "actual": 0.22, "estimate": 0.23}, {"date": "3Q2020", "actual": 0.74, "estimate": 0.55}], "currentQuarterEstimate": 0.85, "currentQuarterEstimateDate": "4Q", "currentQuarterEstimateYear": 2020, "earningsDate": [1607472000, 1607904000]}, "financialsChart": {"yearly": [{"date": 2017, "revenue": 2344392000, "earnings": 303381000}, {"date": 2018, "revenue": 2649181000, "earnings": 258662000}, {"date": 2019, "revenue": 3288319000, "earnings": 483801000}, {"date": 2020, "revenue": 3979296000, "earnings": 645596000}], "quarterly": [{"date": "4Q2019", "revenue": 916138000, "earnings": 125982000}, {"date": "1Q2020", "revenue": 1397491000, "earnings": 298021000}, {"date": "2Q2020", "revenue": 651962000, "earnings": 28632000}, {"date": "3Q2020", "revenue": 902942000, "earnings": 86801000}]}, "financialCurrency": "USD"}}, "components": ["^IXIC", "^INDS", "^NQGS", "^NXTQ", "^XCQ"], "currency": "USD", "firstTradeDateMilliseconds": 1185543000000, "priceHint": 2, "totalCash": 522998016.0, "floatShares": 119450388, "ebitda": 940179968, "shortRatio": 1.59, "preMarketChange": 3.4899902, "preMarketChangePercent": 1.0591455, "preMarketTime": 1603978199, "targetPriceHigh": 450.0, "targetPriceLow": 228.0, "targetPriceMean": 376.1, "targetPriceMedian": 396.0, "preMarketPrice": 333.0, "heldPercentInsiders": 3.284, "heldPercentInstitutions": 87.215, "postMarketChangePercent": 0.0, "postMarketTime": 1603918473, "postMarketPrice": 329.51, "postMarketChange": 0.0, "regularMarketChange": -4.299988, "regularMarketChangePercent": -1.2881542, "regularMarketTime": 1603915201, "regularMarketPrice": 329.51, "regularMarketDayHigh": 332.98, "regularMarketDayRange": "332.98 - 332.98", "regularMarketDayLow": 332.98, "regularMarketVolume": 3669, "sharesShort": 3034871, "sharesShortPrevMonth": 3132482, "shortPercentFloat": 2.86, "regularMarketPreviousClose": 333.81, "bid": 326.25, "ask": 330.99, "bidSize": 11, "askSize": 9, "exchange": "NMS", "market": "us_market", "messageBoardId": "finmb_34125194", "fullExchangeName": "NasdaqGS", "shortName": "lululemon athletica inc.", "longName": "Lululemon Athletica Inc.", "regularMarketOpen": 330.39, "averageDailyVolume3Month": 1770036, "averageDailyVolume10Day": 1334325, "beta": 1.124103, "fiftyTwoWeekLowChange": 200.66, "fiftyTwoWeekLowChangePercent": 1.5573146, "fiftyTwoWeekRange": "128.85 - 399.9", "fiftyTwoWeekHighChange": -70.389984, "fiftyTwoWeekHighChangePercent": -0.17601897, "fiftyTwoWeekLow": 128.85, "fiftyTwoWeekHigh": 399.9, "earningsTimestamp": 1599581100, "earningsTimestampStart": 1607511540, "earningsTimestampEnd": 1607947200, "trailingPE": 79.93935, "pegRatio": 4.63, "dividendsPerShare": 0.0, "revenue": 3868532990.0, "priceToSales": 11.099669, "marketState": "REGULAR", "epsTrailingTwelveMonths": 4.122, "epsForward": 6.41, "epsCurrentYear": 4.19, "epsNextQuarter": 2.37, "priceEpsCurrentYear": 78.642006, "priceEpsNextQuarter": 139.03377, "sharesOutstanding": 124921000, "bookValue": 15.356, "fiftyDayAverage": 327.60388, "fiftyDayAverageChange": 1.9061279, "fiftyDayAverageChangePercent": 0.005818392, "twoHundredDayAverage": 306.42966, "twoHundredDayAverageChange": 23.080353, "twoHundredDayAverageChangePercent": 0.07532023, "marketCap": 42939437056, "forwardPE": 51.40562, "priceToBook": 21.458063, "sourceInterval": 15, "exchangeDataDelayedBy": 0, "exchangeTimezoneName": "America/New_York", "exchangeTimezoneShortName": "EDT", "pageViews": {"midTermTrend": "UP", "longTermTrend": "UP", "shortTermTrend": "UP"}, "gmtOffSetMilliseconds": -14400000, "esgPopulated": false, "tradeable": false, "symbol": "LULU"}, {"language": "en-US", "region": "US", "quoteType": "EQUITY", "quoteSourceName": "Nasdaq Real Time Price", "triggerable": true, "quoteSummary": {"earnings": {"maxAge": 86400, "earningsChart": {"quarterly": [{"date": "3Q2019", "actual": 1.47, "estimate": 1.49}, {"date": "4Q2019", "actual": 1.57, "estimate": 1.47}, {"date": "1Q2020", "actual": 0.26, "estimate": 0.8}, {"date": "2Q2020", "actual": -0.64, "estimate": -0.42}], "currentQuarterEstimate": -0.07, "currentQuarterEstimateDate": "3Q", "currentQuarterEstimateYear": 2020, "earningsDate": [1604620800]}, "financialsChart": {"yearly": [{"date": 2016, "revenue": 3473000000, "earnings": 808000000}, {"date": 2017, "revenue": 4997000000, "earnings": 1459000000}, {"date": 2018, "revenue": 5215000000, "earnings": 1907000000}, {"date": 2019, "revenue": 5373000000, "earnings": 1273000000}], "quarterly": [{"date": "3Q2019", "revenue": 1332000000, "earnings": 387000000}, {"date": "4Q2019", "revenue": 1383000000, "earnings": 279000000}, {"date": "1Q2020", "revenue": 884000000, "earnings": 31000000}, {"date": "2Q2020", "revenue": 262000000, "earnings": -234000000}]}, "financialCurrency": "USD"}}, "components": ["^NQDMXJPLMAUD", "^NQUSBLM", "^NQG5700LMCADN", "^NQDM5700LMJPYN", "^NQUSB5753LMEURN", "^NQUSB5753LMGBP", "^QIV", "^NQDXUSMLTCGN", "^NQUS500LCGN", "^NQDM5000LMGBPN", "^NQDM5700LM", "^NQDM5700LMEURN", "^NQUSB5000LM", "^NQGS", "^NQNALMEURN", "^NQUSBLMCAD", "^NQDMXKRJPYN", "^NQDMXKRLMAUDN", "^NQG5700LMGBP", "^NQNA5000LMAUDN", "^NQDM5700LMN", "^NQDMXJPLMAUDN", "^NQDMXKRLMAUD", "^NQUSBLMJPY", "^NDXCHF", "^NQUSB5000LMGBPN", "^NQDM5000LM", "^NQDM5000LMGBP", "^NQGXGBLMN", "^NQDMXKRLCJPY", "^NQUSB5700LMEUR", "^NQG5000LMEUR", "^WEALTHGN", "^NQDXUSLCEUR", "^NQG5000LMCAD", "^WEALTHGL", "^NQDXUSLCG", "^NQNA5000LMAUD", "^NQDM5000LMN", "^NQDMXKRAUD", "^NQDMXKRLMGBPN", "^NQGXGBLMGBPN", "^NQNA5000LMCADN", "^NQGXJPLMJPYN", "^NQNALMCADN", "^NQUSBLMEUR", "^NQNALMJPY", "^NQUSB5753LMN", "^NQG5700LMAUD", "^NDX", "^NQG5000LMJPY", "^NQGXGBLMJPY", "^QCRD", "^NQUSB5700LMN", "^NQGXJPLMJPY", "^NQDMXKR", "^NQDMXGBLMCADN", "^NQDM5700LMJPY", "^NQUSB5700LMCAD", "^NQDMXKRLCN", "^NQGXGBLMEURN", "^NQGXJPLMCAD", "^NQUSB5000LMGBP", "^NQGXJPLMEUR", "^XNDXNNRCHF", "^NQNA5700LMEURN", "^NQDMXJPLMGBPN", "^NQDMXJPLMN", "^NQNA5000LMJPY", "^NQDMXKRLCJPYN", "^NQDMXKRLMCADN", "^NQNA5000LMGBPN", "^NQDMXKRLCEUR", "^NQUSB5700LMGBP", "^NQDXUSLC", "^NQGXGBLMJPYN", "^NQNA5700LM", "^NQUSBLMEURN", "^NQUSB5753LMCADN", "^INDS", "^NQDMXKRJPY", "^NQDMXKRLCCAD", "^NQDMXKRLCEURN", "^NQUSMLTCG", "^NQGXJPLMGBPN", "^QMI", "^IXIC", "^NQNALM", "^NQUS500LC", "^NQDMXGBLMJPY", "^NQNALMAUD", "^NQG5700LMN", "^NQDXUSLCN", "^NQNA5700LMJPYN", "^NQG5000LMEURN", "^NQGXGBLMAUD", "^NQDM5700LMAUD", "^NQUSBLMN", "^NQDMXJPLMGBP", "^NQUSB5753LMEUR", "^NQUSB5000LMAUD", "^NQG5000LMJPYN", "^NQDMXKRLMEUR", "^MNX1", "^NQUSB5000LMEURN", "^NQDM5700LMGBPN", "^NQNALMAUDN", "^NQDM5000LMCAD", "^NQDMXKRLMCAD", "^NQDMXGBLM", "^NQUSB5753LM", "^NQDMXGBLMJPYN", "^NQNA5700LMGBP", "^NQDM5000LMEUR", "^NQDM5000LMJPYN", "^NQDMXKRLMJPY", "^NQG5700LMAUDN", "^NQG5000LM", "^NQUSBLMJPYN", "^NQUSB5753LMAUDN", "^NQDMXGBLMCAD", "^NQUSB5000LMJPYN", "^XNDXNNRGBP", "^NQUSLG", "^NQDMXGBLMEURN", "^NQDMXKRGBPN", "^NQDMXGBLMEUR", "^XNDXNNR", "^NQDM5000LMEURN", "^NQDMXKRAUDN", "^NQDMXKRLMJPYN", "^NQUSBLMCADN", "^NQDMXGBLMN", "^NQNALMGBPN", "^NQGXGBLMCADN", "^NQG5700LM", "^NQDMXKRLCCADN", "^NQGXJPLMCADN", "^NQUSB5753LMJPY", "^NQUSB5700LMGBPN", "^NQDM5700LMAUDN", "^NQG5700LMJPY", "^NQGXJPLM", "^NQUSB5753LMGBPN", "^NQUSB5000LMN", "^NQUSBLMGBP", "^NQNA5700LMAUD", "^NQNALMN", "^NQG5000LMCADN", "^RCH", "^NQUSLGN", "^NQUSB5753LMCAD", "^NQUSB5700LMAUDN", "^NQNA5700LMCADN", "^NQDM5000LMJPY", "^NQGXJPLMAUDN", "^NQUSB5000LMCADN", "^NQDMXKRLCGBP", "^NQDMXKRLM", "^NQUSMLTCGN", "^NQDMXKRLC", "^NQNALMGBP", "^NDXEUR", "^NDXHKD", "^NQNA5700LMAUDN", "^NQUSB5700LMAUD", "^NQDMXJPLMJPYN", "^NQGXGBLM", "^NQNA5000LMCAD", "^NQG5700LMGBPN", "^NQDMXKRN", "^NQNA5000LMEUR", "^XQC", "^NQCRDN", "^NQDM5000LMCADN", "^NQDMXJPLMEURN", "^NDXCAD", "^NQDXUSMLTCG", "^NQDMXJPLM", "^NQG5000LMN", "^NQDMXKREUR", "^NQGXJPLMGBP", "^NQDMXKRLMEURN", "^NQUSBLMAUD", "^NQDM5700LMGBP", "^NQG5000LMGBP", "^NQGXGBLMGBP", "^NQDMXKRCAD", "^NQG5700LMEUR", "^XQO", "^NQG5700LMCAD", "^NQDXUSLCEURN", "^NQUSB5000LMJPY", "^NQG5000LMGBPN", "^NQDMXKRLCAUD", "^XCQ", "^NQNALMCAD", "^NQNA5000LMGBP", "^NQG5700LMEURN", "^NQNA5000LM", "^NQGXJPLMEURN", "^NQUSB5700LMCADN", "^NQUSB5700LMJPY", "^NQDXUSLCGBP", "^NQGXJPLMN", "^NQNALMEUR", "^NDXGBP", "^NQNA5700LMN", "^NQDM5700LMCADN", "^NQG5700LMJPYN", "^NQGXGBLMEUR", "^NQDMXKRGBP", "^NQUSB5000LMAUDN", "^NQDM5700LMCAD", "^XNDXNNRHKD", "^NQDMXGBLMGBPN", "^XNDXNNREUR", "^NQCRD", "^NQDMXKRCADN", "^NQGXGBLMCAD", "^NQDMXGBLMGBP", "^NQDMXKRLCAUDN", "^XNDXNNRCAD", "^NQDM5700LMEUR", "^NQDXUSLCGBPN", "^NQG5000LMAUD", "^NQUSB5000LMCAD", "^NQUSB5000LMEUR", "^NQUSBLMGBPN", "^NQDMXKRLMN", "^NQGXJPLMAUD", "^NQDMXGBLMAUDN", "^NQDMXJPLMJPY", "^NQDMXKRLCGBPN", "^NQNA5000LMJPYN", "^NDXX", "^NQDXUSLCGN", "^NQDM5000LMAUDN", "^NQUS500LCG", "^NQUSB5700LM", "^NDXE", "^NQDMXKREURN", "^NQNALMJPYN", "^NQUSB5753LMAUD", "^NQG5000LMAUDN", "^NQNA5700LMCAD", "^NQDMXJPLMCADN", "^NQNA5000LMEURN", "^RCHNTR", "^NQNA5700LMEUR", "^NQDMXGBLMAUD", "^NQUSB5700LMJPYN", "^NQNA5000LMN", "^NQUSB5753LMJPYN", "^NQUSBLMAUDN", "^NQNA5700LMJPY", "^NQDMXJPLMCAD", "^NQDMXJPLMEUR", "^NQUSB5700LMEURN", "^NQDMXKRLMGBP", "^NQGXGBLMAUDN", "^NQNA5700LMGBPN", "^NQUS500LCN", "^NQDM5000LMAUD"], "currency": "USD", "firstTradeDateMilliseconds": 750519000000, "priceHint": 2, "totalCash": 2283000060.0, "floatShares": 276011587, "ebitda": 1600999936, "shortRatio": 3.01, "preMarketChange": 0.0, "preMarketChangePercent": 0.0, "preMarketTime": 1603976188, "targetPriceHigh": 125.0, "targetPriceLow": 81.0, "targetPriceMean": 103.05, "targetPriceMedian": 103.5, "preMarketPrice": 89.97, "heldPercentInsiders": 17.211, "heldPercentInstitutions": 64.405, "postMarketChangePercent": 0.82249403, "postMarketTime": 1603926022, "postMarketPrice": 90.71, "postMarketChange": 0.73999786, "regularMarketChange": -3.4899979, "regularMarketChangePercent": -3.7342155, "regularMarketTime": 1603915202, "regularMarketPrice": 89.97, "regularMarketDayHigh": 92.52, "regularMarketDayRange": "88.92 - 92.52", "regularMarketDayLow": 88.92, "regularMarketVolume": 12871, "sharesShort": 8253641, "sharesShortPrevMonth": 9077639, "shortPercentFloat": 3.13, "regularMarketPreviousClose": 93.46, "bid": 89.59, "ask": 89.92, "bidSize": 8, "askSize": 8, "exchange": "NMS", "market": "us_market", "messageBoardId": "finmb_31148", "fullExchangeName": "NasdaqGS", "shortName": "Marriott International", "longName": "Marriott International, Inc.", "regularMarketOpen": 91.57, "averageDailyVolume3Month": 2766453, "averageDailyVolume10Day": 2340612, "beta": 1.697738, "fiftyTwoWeekLowChange": 43.41, "fiftyTwoWeekLowChangePercent": 0.93234533, "fiftyTwoWeekRange": "46.56 - 153.39", "fiftyTwoWeekHighChange": -63.42, "fiftyTwoWeekHighChangePercent": -0.41345587, "fiftyTwoWeekLow": 46.56, "fiftyTwoWeekHigh": 153.39, "dividendDate": 1585612800, "exDividendDate": 1582761600, "earningsTimestamp": 1604669400, "earningsTimestampStart": 1604669400, "earningsTimestampEnd": 1604669400, "trailingAnnualDividendRate": 1.44, "trailingPE": 63.990044, "pegRatio": 44.32, "dividendsPerShare": 1.44, "trailingAnnualDividendYield": 0.015407662, "revenue": 3860999940.0, "priceToSales": 7.557271, "marketState": "REGULAR", "epsTrailingTwelveMonths": 1.406, "epsForward": 2.77, "epsCurrentYear": -0.28, "epsNextQuarter": 0.19, "priceEpsCurrentYear": -321.32144, "priceEpsNextQuarter": 473.52634, "sharesOutstanding": 324315008, "bookValue": -0.244, "fiftyDayAverage": 97.53861, "fiftyDayAverageChange": -7.568611, "fiftyDayAverageChangePercent": -0.07759605, "twoHundredDayAverage": 92.50007, "twoHundredDayAverageChange": -2.5300674, "twoHundredDayAverageChangePercent": -0.02735206, "marketCap": 29178621952, "forwardPE": 32.480145, "priceToBook": -368.72952, "sourceInterval": 15, "exchangeDataDelayedBy": 0, "exchangeTimezoneName": "America/New_York", "exchangeTimezoneShortName": "EDT", "pageViews": {"midTermTrend": "UP", "longTermTrend": "UP", "shortTermTrend": "UP"}, "gmtOffSetMilliseconds": -14400000, "esgPopulated": false, "tradeable": false, "symbol": "MAR"}, {"language": "en-US", "region": "US", "quoteType": "EQUITY", "quoteSourceName": "Nasdaq Real Time Price", "triggerable": true, "quoteSummary": {"earnings": {"maxAge": 86400, "earningsChart": {"quarterly": [{"date": "4Q2019", "actual": 2.15, "estimate": 2.1}, {"date": "1Q2020", "actual": 2.16, "estimate": 2.03}, {"date": "2Q2020", "actual": 1.78, "estimate": 1.8}, {"date": "3Q2020", "actual": 2.43, "estimate": 2.26}], "currentQuarterEstimate": 2.2, "currentQuarterEstimateDate": "4Q", "currentQuarterEstimateYear": 2020, "earningsDate": [1611619200, 1612137600]}, "financialsChart": {"yearly": [{"date": 2016, "revenue": 30109000000, "earnings": 5050000000}, {"date": 2017, "revenue": 31657000000, "earnings": 4858000000}, {"date": 2018, "revenue": 32765000000, "earnings": 5349000000}, {"date": 2019, "revenue": 32136000000, "earnings": 4570000000}], "quarterly": [{"date": "3Q2019", "revenue": 7991000000, "earnings": 1583000000}, {"date": "4Q2019", "revenue": 8111000000, "earnings": 969000000}, {"date": "1Q2020", "revenue": 8075000000, "earnings": 1292000000}, {"date": "2Q2020", "revenue": 7176000000, "earnings": 1290000000}]}, "financialCurrency": "USD"}}, "components": ["^NQDMXJPLMAUD", "^NQNA2700LMEUR", "^NQDOG", "^NQUSBLM", "^NQNA2000LMGBPN", "^NQNA2700LMCAD", "^NQUSB2727LMN", "^NQSHYL", "^NQUSB2000LMAUD", "^DWAMLVDM", "^NQDXUSMLTCGN", "^NQNA2700LMEURN", "^NQUS500LCGN", "^NQUSB2700LMCAD", "^NQUSB2720LMGBP", "^NQUSB2700LMEUR", "^NQDM2700LMCADN", "^NQNA2000LMN", "^NQNALMEURN", "^NQUSBLMCAD", "^DVGCADN", "^NQDMXKRJPYN", "^NQDMXKRLMAUDN", "^NQUSB2720LMCADN", "^NQUSB2727LMEURN", "^NQUSB2727LMAUD", "^NQDMXJPLMAUDN", "^NQG2700LMAUDN", "^NQDMXKRLMAUD", "^NQUSBLMJPY", "^NQNA2700LMJPY", "^NQUSB2700LMCADN", "^NQUSB2000LMN", "^NQUSB2000LMJPYN", "^NQPRCE", "^NQGXGBLMN", "^NQUSB2727LMJPYN", "^NQVDIV", "^NQNA2000LMAUD", "^NQDMXKRLCJPY", "^NQG2700LMN", "^NQDXUSLCEUR", "^NQUSB2700LMAUDN", "^NQDXUSLCG", "^NQUSB2720LM", "^NQUSB2000LMGBP", "^NQDMXKRAUD", "^NQG2000LMJPY", "^NQDMXKRLMGBPN", "^NQGXGBLMGBPN", "^NQDM2700LMAUDN", "^NQGXJPLMJPYN", "^NQNALMCADN", "^NQUSBLMEUR", "^NQDM2000LMGBP", "^NQUSB2727LMGBP", "^NQNALMJPY", "^NQDM2700LMAUD", "^DAA", "^NQGXGBLMJPY", "^QCRD", "^NQG2000LMCADN", "^NQG2000LMCAD", "^NQGXJPLMJPY", "^NQNA2000LMAUDN", "^NQDMXKR", "^NQDMXGBLMCADN", "^NQNA2700LMJPYN", "^NQDMXKRLCN", "^NQGXGBLMEURN", "^NQGXJPLMCAD", "^NQUSB2700LM", "^NQGXJPLMEUR", "^NQNA2700LMCADN", "^NQG2700LMCAD", "^NQDMXJPLMGBPN", "^NQG2000LMEUR", "^NQDMXJPLMN", "^NQG2700LMEUR", "^NQDMXKRLCJPYN", "^NQDMXKRLMCADN", "^NQDMXKRLCEUR", "^NQDXUSLC", "^NQGXGBLMJPYN", "^NQUSBLMEURN", "^NQDMXKRJPY", "^NQDMXKRLCCAD", "^NQDMXKRLCEURN", "^NQUSMLTCG", "^NQDM2000LMEURN", "^NQGXJPLMGBPN", "^NQUSB2720LMN", "^NQUSB2727LMCADN", "^NQNALM", "^NQUS500LC", "^NQUSB2720LMJPYN", "^NQDMXGBLMJPY", "^NQDM2700LMJPY", "^NQNALMAUD", "^NQVMVUS", "^NQDXUSLCN", "^NQUSB2720LMEURN", "^NQDM2000LMJPYN", "^NQGXGBLMAUD", "^NQDM2000LMCAD", "^NQVDIVN", "^NQUSBLMN", "^NQDMXJPLMGBP", "^NQDM2000LMEUR", "^NQNA2000LMJPY", "^NQUSB2700LMGBP", "^NQDMXKRLMEUR", "^NQUSB2000LMEURN", "^NQNA2000LM", "^NQNALMAUDN", "^NQUSB2720LMAUD", "^NQG2700LM", "^NQDM2700LMGBPN", "^NQG2700LMGBPN", "^DWAMLVDMNTR", "^NQDMXKRLMCAD", "^NQG2700LMJPY", "^NQDMXGBLM", "^NQUSB2727LMAUDN", "^NQSHYLN", "^NQUSB2700LMGBPN", "^NQDMXGBLMJPYN", "^NQDOGN", "^NQG2000LMEURN", "^NQDMXKRLMJPY", "^NQUSBLMJPYN", "^NQDMXGBLMCAD", "^XMI", "^NQUSLG", "^NQDMXGBLMEURN", "^NQDMXKRGBPN", "^NQNA2700LMAUD", "^NQDMXGBLMEUR", "^NQG2000LMJPYN", "^NQG2000LMGBPN", "^NQDMXKRAUDN", "^NQDMXKRLMJPYN", "^NQG2700LMEURN", "^NQUSBLMCADN", "^NQDM2700LMN", "^NQDMXGBLMN", "^NQUSB2700LMAUD", "^NQNA2000LMEUR", "^NQNALMGBPN", "^NQGXGBLMCADN", "^NQUSB2720LMJPY", "^NQDMXKRLCCADN", "^NQNA2000LMCAD", "^NQGXJPLMCADN", "^NQG2700LMJPYN", "^NQDM2000LMCADN", "^NQGXJPLM", "^NQUSB2000LMAUDN", "^NQUSBLMGBP", "^NQNALMN", "^NQDM2700LM", "^NQNA2700LMGBP", "^NQUSB2727LMCAD", "^NQUSLGN", "^NQDM2000LM", "^NQUSB2727LMEUR", "^NQNA2700LMGBPN", "^NQFFUSLV", "^NQG2000LMGBP", "^NQGXJPLMAUDN", "^NQNA2000LMJPYN", "^NQDM2000LMAUDN", "^NQCAPST", "^NQUSB2000LMCADN", "^DJI", "^NQDMXKRLCGBP", "^NQDMXKRLM", "^NQUSMLTCGN", "^NQDMXKRLC", "^NQNALMGBP", "^NQNA2000LMEURN", "^NQUSB2000LMJPY", "^NQDMXJPLMJPYN", "^NQGXGBLM", "^NQDMXKRN", "^NQNA2700LMAUDN", "^NQCRDN", "^NQUSB2000LMCAD", "^NQDMXJPLMEURN", "^NQUSB2720LMGBPN", "^NQUSB2000LMEUR", "^NQDXUSMLTCG", "^NQFFUSLVN", "^NQFFUSMN", "^NQUSB2727LMJPY", "^NQDMXJPLM", "^NQDM2000LMJPY", "^NQDMXKREUR", "^NQGXJPLMGBP", "^NQDMXKRLMEURN", "^NQUSBLMAUD", "^NQGXGBLMGBP", "^NQDMXKRCAD", "^NQPRCEN", "^NQUSB2727LMGBPN", "^DJA", "^DAAXMLPREIT", "^NQDM2700LMCAD", "^NQDXUSLCEURN", "^NQDM2700LMEUR", "^NQUSB2727LM", "^NQDMXKRLCAUD", "^NQUSB2700LMN", "^NQNALMCAD", "^NQDM2700LMEURN", "^NQNA2700LMN", "^NQG2700LMCADN", "^NQGXJPLMEURN", "^NQDXUSLCGBP", "^NQG2700LMAUD", "^NQGXJPLMN", "^NQDM2700LMJPYN", "^NQNALMEUR", "^NQG2000LMAUD", "^NQGXGBLMEUR", "^NQDMXKRGBP", "^NQUSB2700LMJPYN", "^NQDM2000LMAUD", "^NQFFUSM", "^NQDMXGBLMGBPN", "^NQDM2700LMGBP", "^NQCRD", "^NQDMXKRCADN", "^NQGXGBLMCAD", "^NQDMXGBLMGBP", "^NQDMXKRLCAUDN", "^NQDXUSLCGBPN", "^NQUSB2700LMEURN", "^NQUSBLMGBPN", "^NQDMXKRLMN", "^NQFFUSQ", "^NQGXJPLMAUD", "^NQDMXGBLMAUDN", "^NQNA2000LMGBP", "^NQUSB2720LMAUDN", "^NQDMXJPLMJPY", "^NQDMXKRLCGBPN", "^NQUSB2720LMCAD", "^NQUSB2700LMJPY", "^NQDXUSLCGN", "^NQUSB2720LMEUR", "^NQVMVUSN", "^NQUS500LCG", "^NQDMXKREURN", "^NQNALMJPYN", "^NQNA2000LMCADN", "^NQG2700LMGBP", "^NQFFUSQN", "^NQG2000LMAUDN", "^NQDMXJPLMCADN", "^NQNA2700LM", "^NQDMXGBLMAUD", "^NQUSBLMAUDN", "^NQUSB2000LM", "^NQDM2000LMN", "^NQDMXJPLMCAD", "^NQDM2000LMGBPN", "^NQDMXJPLMEUR", "^NQDMXKRLMGBP", "^NQGXGBLMAUDN", "^NQUS500LCN", "^NQG2000LMN", "^NQG2000LM", "^NQUSB2000LMGBPN"], "currency": "USD", "firstTradeDateMilliseconds": 138600000, "priceHint": 2, "totalCash": 4465999900.0, "floatShares": 575351259, "ebitda": 8451999744, "shortRatio": 2.74, "preMarketChange": -0.31500244, "preMarketChangePercent": -0.19887145, "preMarketTime": 1603978198, "targetPriceHigh": 197.0, "targetPriceLow": 115.0, "targetPriceMean": 171.63, "targetPriceMedian": 176.5, "preMarketPrice": 158.08, "heldPercentInsiders": 0.182, "heldPercentInstitutions": 69.952, "regularMarketChange": 0.4900055, "regularMarketChangePercent": 0.30909324, "regularMarketTime": 1603978201, "regularMarketPrice": 159.02, "regularMarketDayHigh": 159.02, "regularMarketDayRange": "159.02 - 159.02", "regularMarketDayLow": 159.02, "regularMarketVolume": 4186, "sharesShort": 5994886, "sharesShortPrevMonth": 5539180, "shortPercentFloat": 1.04, "regularMarketPreviousClose": 158.53, "bid": 158.8, "ask": 159.75, "bidSize": 8, "askSize": 8, "exchange": "NYQ", "market": "us_market", "messageBoardId": "finmb_289194", "fullExchangeName": "NYSE", "shortName": "3M Company", "longName": "3M Company", "regularMarketOpen": 159.81, "averageDailyVolume3Month": 2407166, "averageDailyVolume10Day": 2416625, "beta": 0.971318, "fiftyTwoWeekLowChange": 44.980003, "fiftyTwoWeekLowChangePercent": 0.39442304, "fiftyTwoWeekRange": "114.04 - 182.55", "fiftyTwoWeekHighChange": -23.529999, "fiftyTwoWeekHighChangePercent": -0.12889618, "fiftyTwoWeekLow": 114.04, "fiftyTwoWeekHigh": 182.55, "dividendDate": 1599868800, "exDividendDate": 1597968000, "earningsTimestamp": 1603780200, "earningsTimestampStart": 1611667800, "earningsTimestampEnd": 1612186200, "trailingAnnualDividendRate": 5.82, "trailingPE": 18.0438, "pegRatio": 5.1, "dividendsPerShare": 5.85, "dividendRate": 5.88, "trailingAnnualDividendYield": 0.036712296, "dividendYield": 3.71, "revenue": 31352999900.0, "priceToSales": 2.925597, "marketState": "REGULAR", "epsTrailingTwelveMonths": 8.813, "epsForward": 9.35, "epsCurrentYear": 8.5, "epsNextQuarter": 2.27, "priceEpsCurrentYear": 18.708237, "priceEpsNextQuarter": 70.052864, "sharesOutstanding": 576822016, "bookValue": 18.848, "fiftyDayAverage": 165.39722, "fiftyDayAverageChange": -6.3772125, "fiftyDayAverageChangePercent": -0.038556952, "twoHundredDayAverage": 158.08035, "twoHundredDayAverageChange": 0.9396515, "twoHundredDayAverageChangePercent": 0.0059441384, "marketCap": 91726241792, "forwardPE": 17.007486, "priceToBook": 8.43697, "sourceInterval": 15, "exchangeDataDelayedBy": 0, "exchangeTimezoneName": "America/New_York", "exchangeTimezoneShortName": "EDT", "pageViews": {"midTermTrend": "UP", "longTermTrend": "UP", "shortTermTrend": "UP"}, "gmtOffSetMilliseconds": -14400000, "esgPopulated": false, "tradeable": false, "symbol": "MMM"}, {"language": "en-US", "region": "US", "quoteType": "EQUITY", "quoteSourceName": "Nasdaq Real Time Price", "triggerable": true, "quoteSummary": {"earnings": {"maxAge": 86400, "earningsChart": {"quarterly": [{"date": "4Q2019", "actual": 1.3, "estimate": 0.53}, {"date": "1Q2020", "actual": 1.57, "estimate": 1.65}, {"date": "2Q2020", "actual": 1.59, "estimate": 1.81}, {"date": "3Q2020", "actual": 1.74, "estimate": 2.14}], "currentQuarterEstimate": 1.37, "currentQuarterEstimateDate": "4Q", "currentQuarterEstimateYear": 2020, "earningsDate": [1611014400, 1611532800]}, "financialsChart": {"yearly": [{"date": 2016, "revenue": 8830669000, "earnings": 186678000}, {"date": 2017, "revenue": 11692713000, "earnings": 558929000}, {"date": 2018, "revenue": 15794341000, "earnings": 1211242000}, {"date": 2019, "revenue": 20156447000, "earnings": 1866916000}], "quarterly": [{"date": "4Q2019", "revenue": 5467434000, "earnings": 586970000}, {"date": "1Q2020", "revenue": 5767691000, "earnings": 709067000}, {"date": "2Q2020", "revenue": 6148286000, "earnings": 720196000}, {"date": "3Q2020", "revenue": 6435637000, "earnings": 789976000}]}, "financialCurrency": "USD"}}, "components": ["^NQDMXJPLMAUD", "^NQUSBLM", "^NQNA5300LMCADN", "^QIV", "^NQDXUSMLTCGN", "^NQUS500LCGN", "^NQUSB5379LMAUDN", "^NQDM5000LMGBPN", "^NQUSB5370LMEURN", "^NQUSB5379LMAUD", "^NQGMOIN", "^NQUSB5000LM", "^NQUSB5370LMN", "^NQGS", "^NQDM5300LMAUDN", "^NQNALMEURN", "^NQUSBLMCAD", "^NQDMXKRJPYN", "^NQDMXKRLMAUDN", "^NQNA5000LMAUDN", "^NQUSB5300LMN", "^NQUSB5300LMAUDN", "^NQDMXJPLMAUDN", "^NQDMXKRLMAUD", "^NQUSBLMJPY", "^NQG5300LMGBP", "^NDXCHF", "^NQUSB5000LMGBPN", "^NQUSB5370LMGBP", "^NQDM5000LM", "^NQDM5000LMGBP", "^NQGXGBLMN", "^NQDMXKRLCJPY", "^NQG5000LMEUR", "^NQDXUSLCEUR", "^NQG5000LMCAD", "^NQDXUSLCG", "^CPQ", "^CPQNTR", "^NQUSB5379LMGBP", "^NQNA5000LMAUD", "^NQUSB5379LMGBPN", "^NQDM5000LMN", "^NQDMXKRAUD", "^NQNA5300LM", "^NQDMXKRLMGBPN", "^NQGXGBLMGBPN", "^NQNA5000LMCADN", "^NQNA5300LMAUDN", "^NQGXJPLMJPYN", "^NQNALMCADN", "^NQUSBLMEUR", "^NQG5300LMN", "^NQNALMJPY", "^NQG5300LMAUD", "^MSH", "^NDX", "^NQG5000LMJPY", "^NQGXGBLMJPY", "^NQGXJPLMJPY", "^NQUSB5370LMAUD", "^NQUSB5300LMEUR", "^NQDMXKR", "^NQDMXGBLMCADN", "^NQUSB5300LMCAD", "^NQDM5300LMJPY", "^NQDMXKRLCN", "^NQGXGBLMEURN", "^NQGXJPLMCAD", "^NQUSB5000LMGBP", "^NQGXJPLMEUR", "^XNDXNNRCHF", "^NQUSB5300LMCADN", "^NQDMXJPLMGBPN", "^NQG5300LMJPYN", "^NQUSB5300LMJPY", "^NQDMXJPLMN", "^NQNA5000LMJPY", "^NQDMXKRLCJPYN", "^NQDMXKRLMCADN", "^NQNA5000LMGBPN", "^NQDMXKRLCEUR", "^NQNA5300LMJPY", "^NQDXUSLC", "^NQGXGBLMJPYN", "^NQG5300LMEURN", "^NQUSB5370LMCADN", "^NQUSBLMEURN", "^INDS", "^NQDMXKRJPY", "^NQDMXKRLCCAD", "^NQDMXKRLCEURN", "^NQDM5300LMN", "^NQUSMLTCG", "^NQGXJPLMGBPN", "^QMI", "^IXIC", "^NQDM5300LMCAD", "^NQNALM", "^NQUS500LC", "^NQDM5300LMCADN", "^NQDM5300LMEUR", "^NQDMXGBLMJPY", "^NQNALMAUD", "^NQDXUSLCN", "^NQG5000LMEURN", "^NQGXGBLMAUD", "^NQUSBLMN", "^NQDMXJPLMGBP", "^NQNA5300LMCAD", "^NQFGSL", "^NQUSB5000LMAUD", "^NQG5000LMJPYN", "^NQDMXKRLMEUR", "^MNX1", "^NQUSB5000LMEURN", "^NQNALMAUDN", "^NQUSB5370LMAUDN", "^NQDM5000LMCAD", "^NQDMXKRLMCAD", "^NQDMXGBLM", "^NQNA5300LMEUR", "^NQNA5300LMGBPN", "^NQNA5300LMN", "^NQDMXGBLMJPYN", "^NQDM5000LMEUR", "^NQDM5300LM", "^NQDM5000LMJPYN", "^NQDMXKRLMJPY", "^NQG5000LM", "^NQSSRE", "^NQUSBLMJPYN", "^NQDMXGBLMCAD", "^NQUSB5000LMJPYN", "^XNDXNNRGBP", "^NQUSLG", "^NQDMXGBLMEURN", "^NQDMXKRGBPN", "^NQDMXGBLMEUR", "^XNDXNNR", "^NQDM5000LMEURN", "^NQUSB5300LMEURN", "^RMIVG20", "^NQUSB5379LMEUR", "^NQDMXKRAUDN", "^NQDMXKRLMJPYN", "^NQUSBLMCADN", "^NQDMXGBLMN", "^NQG5300LMCADN", "^NQNALMGBPN", "^NQUSB5379LMJPYN", "^NQGXGBLMCADN", "^NQUSB5370LM", "^NQDMXKRLCCADN", "^NQGXJPLMCADN", "^NQGXJPLM", "^NQUSB5370LMGBPN", "^NQG5300LM", "^NQUSB5000LMN", "^NQG5300LMJPY", "^NQUSBLMGBP", "^NQUSB5300LMJPYN", "^NQDM5300LMEURN", "^NQNA5300LMAUD", "^NQNALMN", "^NQG5000LMCADN", "^NQUSLGN", "^NQDM5300LMJPYN", "^NQUSB5370LMJPY", "^NQDM5000LMJPY", "^NQG5300LMCAD", "^NQGXJPLMAUDN", "^NQUSB5370LMEUR", "^NQUSB5000LMCADN", "^NQUSB5370LMCAD", "^NQDMXKRLCGBP", "^NQDMXKRLM", "^NQUSB5379LMJPY", "^NQUSMLTCGN", "^NQDMXKRLC", "^NQNALMGBP", "^NDXEUR", "^NDXHKD", "^NQUSB5300LMAUD", "^NQDMXJPLMJPYN", "^NQGXGBLM", "^NQNA5000LMCAD", "^NQGMOI", "^NQDMXKRN", "^NQNA5000LMEUR", "^QTW", "^XQC", "^NQDM5000LMCADN", "^NQDMXJPLMEURN", "^NQUSB5379LMN", "^NDXCAD", "^NQDXUSMLTCG", "^NQDMXJPLM", "^NQG5000LMN", "^NQDMXKREUR", "^NQGXJPLMGBP", "^NQDMXKRLMEURN", "^NQUSBLMAUD", "^NQG5000LMGBP", "^NQGXGBLMGBP", "^NQDMXKRCAD", "^XQO", "^NQG5300LMEUR", "^NQDM5300LMGBP", "^NQDXUSLCEURN", "^NQUSB5379LMCAD", "^NQUSB5379LMEURN", "^NQUSB5000LMJPY", "^NQG5000LMGBPN", "^NQDMXKRLCAUD", "^XCQ", "^NQDXUSMEGAN", "^NQNALMCAD", "^NQNA5000LMGBP", "^NQUSB5300LMGBP", "^NQNA5300LMEURN", "^NQNA5000LM", "^NQGXJPLMEURN", "^NQNA5300LMGBP", "^NQUSB5300LM", "^NQDXUSLCGBP", "^NQGXJPLMN", "^NQNALMEUR", "^NDXGBP", "^NQNA5300LMJPYN", "^NQGXGBLMEUR", "^NQDMXKRGBP", "^NQUSB5000LMAUDN", "^XNDXNNRHKD", "^NQDMXGBLMGBPN", "^XNDXNNREUR", "^NQDMXKRCADN", "^NQGXGBLMCAD", "^NQDMXGBLMGBP", "^NQDMXKRLCAUDN", "^XNDXNNRCAD", "^NQDXUSLCGBPN", "^NQG5000LMAUD", "^NQDM5300LMAUD", "^NQUSB5000LMCAD", "^NQUSB5000LMEUR", "^NQUSBLMGBPN", "^QNET", "^NQG5300LMGBPN", "^NQDMXKRLMN", "^NQFGSLN", "^NQGXJPLMAUD", "^NQDMXGBLMAUDN", "^NQDMXJPLMJPY", "^NQDMXKRLCGBPN", "^NQNA5000LMJPYN", "^NDXX", "^NQDXUSLCGN", "^NQDM5000LMAUDN", "^NQUS500LCG", "^NDXE", "^NQDMXKREURN", "^NQNALMJPYN", "^NQG5000LMAUDN", "^NQDMXJPLMCADN", "^NQNA5000LMEURN", "^NQSSREN", "^NQUSB5379LMCADN", "^NQDMXGBLMAUD", "^NQNA5000LMN", "^NQUSBLMAUDN", "^NQG5300LMAUDN", "^NQDMXJPLMCAD", "^NQUSB5370LMJPYN", "^NQDMXJPLMEUR", "^NQUSB5379LM", "^NQDXUSMEGA", "^NQDMXKRLMGBP", "^NQGXGBLMAUDN", "^NQUSB5300LMGBPN", "^NQUS500LCN", "^NQDM5300LMGBPN", "^NQDM5000LMAUD"], "currency": "USD", "firstTradeDateMilliseconds": 1022160600000, "priceHint": 2, "totalCash": 8392391200.0, "floatShares": 435393398, "ebitda": 4201144064, "shortRatio": 1.79, "preMarketChange": 1.4500122, "preMarketChangePercent": 0.29820916, "preMarketTime": 1603978000, "targetPriceHigh": 700.0, "targetPriceLow": 235.0, "targetPriceMean": 544.68, "targetPriceMedian": 570.0, "preMarketPrice": 487.69, "heldPercentInsiders": 1.622, "heldPercentInstitutions": 83.487, "regularMarketChange": 1.8200073, "regularMarketChangePercent": 0.37430227, "regularMarketTime": 1603978200, "regularMarketPrice": 488.06, "regularMarketDayHigh": 488.52, "regularMarketDayRange": "488.055 - 488.52", "regularMarketDayLow": 488.055, "regularMarketVolume": 68815, "sharesShort": 9416477, "sharesShortPrevMonth": 11144581, "shortPercentFloat": 2.18, "regularMarketPreviousClose": 486.24, "bid": 487.15, "ask": 487.2, "bidSize": 10, "askSize": 8, "exchange": "NMS", "market": "us_market", "messageBoardId": "finmb_32012", "fullExchangeName": "NasdaqGS", "shortName": "Netflix, Inc.", "longName": "Netflix, Inc.", "regularMarketOpen": 486.36, "averageDailyVolume3Month": 5992904, "averageDailyVolume10Day": 7836587, "beta": 0.954219, "fiftyTwoWeekLowChange": 206.91998, "fiftyTwoWeekLowChangePercent": 0.73600334, "fiftyTwoWeekRange": "281.14 - 575.37", "fiftyTwoWeekHighChange": -87.31, "fiftyTwoWeekHighChangePercent": -0.15174583, "fiftyTwoWeekLow": 281.14, "fiftyTwoWeekHigh": 575.37, "earningsTimestamp": 1603209604, "earningsTimestampStart": 1611053940, "earningsTimestampEnd": 1611576000, "trailingPE": 78.82106, "pegRatio": 1.9, "dividendsPerShare": 0.0, "revenue": 23819049000.0, "priceToSales": 9.052522, "marketState": "REGULAR", "epsTrailingTwelveMonths": 6.192, "epsForward": 8.94, "epsCurrentYear": 6.26, "epsNextQuarter": 2.07, "priceEpsCurrentYear": 77.96485, "priceEpsNextQuarter": 235.77779, "sharesOutstanding": 441795008, "bookValue": 23.389, "fiftyDayAverage": 502.82166, "fiftyDayAverageChange": -14.761658, "fiftyDayAverageChangePercent": -0.029357642, "twoHundredDayAverage": 474.4982, "twoHundredDayAverageChange": 13.561798, "twoHundredDayAverageChangePercent": 0.028581347, "marketCap": 215622467584, "forwardPE": 54.592842, "priceToBook": 20.867075, "sourceInterval": 15, "exchangeDataDelayedBy": 0, "exchangeTimezoneName": "America/New_York", "exchangeTimezoneShortName": "EDT", "pageViews": {"midTermTrend": "UP", "longTermTrend": "UP", "shortTermTrend": "DOWN"}, "gmtOffSetMilliseconds": -14400000, "esgPopulated": false, "tradeable": false, "symbol": "NFLX"}, {"language": "en-US", "region": "US", "quoteType": "EQUITY", "quoteSourceName": "Nasdaq Real Time Price", "triggerable": true, "quoteSummary": {"earnings": {"maxAge": 86400, "earningsChart": {"quarterly": [{"date": "4Q2019", "actual": 0.7, "estimate": 0.58}, {"date": "1Q2020", "actual": 0.53, "estimate": 0.59}, {"date": "2Q2020", "actual": -0.51, "estimate": 0.07}, {"date": "3Q2020", "actual": 0.95, "estimate": 0.47}], "currentQuarterEstimate": 0.61, "currentQuarterEstimateDate": "4Q", "currentQuarterEstimateYear": 2020, "earningsDate": [1608163200, 1608508800]}, "financialsChart": {"yearly": [{"date": 2017, "revenue": 34350000000, "earnings": 4240000000}, {"date": 2018, "revenue": 36397000000, "earnings": 1933000000}, {"date": 2019, "revenue": 39117000000, "earnings": 4029000000}, {"date": 2020, "revenue": 37403000000, "earnings": 2539000000}], "quarterly": [{"date": "4Q2019", "revenue": 10326000000, "earnings": 1115000000}, {"date": "1Q2020", "revenue": 10104000000, "earnings": 847000000}, {"date": "2Q2020", "revenue": 6313000000, "earnings": -790000000}, {"date": "3Q2020", "revenue": 10594000000, "earnings": 1518000000}]}, "financialCurrency": "USD"}}, "components": ["^NQDMXJPLMAUD", "^NQNA3700LMGBPN", "^NQUSBLM", "^NQNA3000LMJPY", "^NQGMOIN", "^NQUSB3000LMJPY", "^NQUSB3700LMGBP", "^NQDM3000LM", "^NQNALMEURN", "^NQUSBLMCAD", "^DVGCADN", "^NQDM3700LMEUR", "^NQDMXKRJPYN", "^NQDMXKRLMAUDN", "^NQDM3700LMCAD", "^NQUSB3000LMEUR", "^NQUSB3000LMCAD", "^NQDMXJPLMAUDN", "^NQDMXKRLMAUD", "^NQUSBLMJPY", "^NQUSB3760LMAUD", "^NQPRCE", "^NQGXGBLMN", "^NQVDIV", "^NQUS500LCVN", "^NQDMXKRLCJPY", "^WEALTHGN", "^NQDXUSLCEUR", "^NQG3000LMEUR", "^WEALTHGL", "^NQDM3000LMCADN", "^CAPEXA", "^NQG3700LMJPYN", "^NQG3700LMEURN", "^NQUSB3000LMGBPN", "^NQDMXKRAUD", "^NQG3000LMGBPN", "^NQUSB3760LMEURN", "^NQDMXKRLMGBPN", "^NQDXUSMLTCVN", "^NQGXGBLMGBPN", "^NQDM3000LMAUD", "^NQGXJPLMJPYN", "^NQNALMCADN", "^NQUSBLMEUR", "^NQNALMJPY", "^NQNA3000LMCADN", "^NQUSB3760LMJPYN", "^DAA", "^NQGXGBLMJPY", "^QCRD", "^NQNA3700LMGBP", "^NQGXJPLMJPY", "^NQDM3700LM", "^NQDMXKR", "^NQDMXGBLMCADN", "^NQDMXKRLCN", "^NQGXGBLMEURN", "^NQGXJPLMCAD", "^NQGXJPLMEUR", "^NQG3000LMAUDN", "^NQDMXJPLMGBPN", "^NQUSLV", "^NQDMXJPLMN", "^NQDMXKRLCJPYN", "^NQDMXKRLMCADN", "^NQDMXKRLCEUR", "^NQDXUSLC", "^NQGXGBLMJPYN", "^NQG3000LMJPY", "^NQUSBLMEURN", "^NQDM3000LMGBPN", "^NQDMXKRJPY", "^NQDMXKRLCCAD", "^NQDMXKRLCEURN", "^NQDM3000LMJPY", "^NQGXJPLMGBPN", "^NQUSB3000LMCADN", "^NQNA3000LM", "^NQNA3700LMAUDN", "^NQNALM", "^NQUS500LC", "^NQUSB3700LM", "^NQG3700LMGBP", "^NQDMXGBLMJPY", "^NQUSMLTCV", "^NQUSB3760LMGBPN", "^NQNALMAUD", "^NQDXUSLCN", "^NQGXGBLMAUD", "^NQG3000LMCAD", "^NQVDIVN", "^NQDXUSLCV", "^NQUSBLMN", "^NQDMXJPLMGBP", "^NQFGSL", "^NQDMXKRLMEUR", "^NQUSB3700LMCAD", "^NQUSB3700LMJPYN", "^NQNALMAUDN", "^NQUSB3700LMEUR", "^CAPEXAN", "^NQUSB3700LMEURN", "^NQDMXKRLMCAD", "^NQDMXGBLM", "^NQDM3700LMEURN", "^NQG3700LMAUD", "^NQDMXGBLMJPYN", "^NQG3000LMCADN", "^NQUSB3760LMGBP", "^NQNA3000LMEURN", "^NQDMXKRLMJPY", "^NQUSB3000LMAUDN", "^NQUSBLMJPYN", "^NQDM3700LMJPYN", "^NQDM3700LMGBP", "^NQNA3000LMAUD", "^NQNA3000LMJPYN", "^NQDMXGBLMCAD", "^NQDMXGBLMEURN", "^NQDMXKRGBPN", "^NQBUY", "^NQDMXGBLMEUR", "^NQDM3000LMAUDN", "^NQG3700LMGBPN", "^NQDMXKRAUDN", "^NQDMXKRLMJPYN", "^NQUSBLMCADN", "^NQNA3000LMGBP", "^NQDMXGBLMN", "^NQDM3000LMN", "^NQG3000LM", "^NQUSB3000LMJPYN", "^NQNALMGBPN", "^NQGXGBLMCADN", "^NQDMXKRLCCADN", "^NQGXJPLMCADN", "^NQUSB3760LMEUR", "^NQUSB3760LMCAD", "^NQUSB3000LMGBP", "^NQUSB3700LMJPY", "^NQGXJPLM", "^NQUSB3000LMEURN", "^NQG3700LM", "^NQUSB3700LMN", "^NQUSBLMGBP", "^NQNALMN", "^NQDM3700LMAUD", "^RCH", "^NQNA3000LMGBPN", "^NQNA3700LMCAD", "^NQGXJPLMAUDN", "^NQUSB3000LMAUD", "^NQUSLVN", "^NQNA3700LMEUR", "^DJI", "^NQDMXKRLCGBP", "^NQDMXKRLM", "^NQDMXKRLC", "^NQG3000LMAUD", "^NQNALMGBP", "^NQDMXJPLMJPYN", "^NQGXGBLM", "^NQGMOI", "^NQUSB3700LMCADN", "^NQDMXKRN", "^NQDM3700LMN", "^NQUSMLTCVN", "^NQUSB3760LM", "^NQCRDN", "^NQDMXJPLMEURN", "^NQG3700LMN", "^NQDMXJPLM", "^NQDM3700LMCADN", "^NQDMXKREUR", "^NQGXJPLMGBP", "^NQNA3700LMCADN", "^NQDMXKRLMEURN", "^NQUSBLMAUD", "^NQGXGBLMGBP", "^NQUSB3760LMAUDN", "^NQDM3000LMEUR", "^NQDMXKRCAD", "^NQPRCEN", "^NQNA3700LMJPY", "^DJA", "^NQG3000LMEURN", "^NQDM3000LMCAD", "^DAAXMLPREIT", "^NQDXUSMLTCV", "^NQDXUSLCEURN", "^NQNA3000LMAUDN", "^NQDMXKRLCAUD", "^NQNALMCAD", "^NQG3000LMGBP", "^NQUSB3760LMN", "^NQUSB3700LMGBPN", "^NQGXJPLMEURN", "^NQDXUSLCGBP", "^NQG3000LMJPYN", "^NQUSB3000LMN", "^NQGXJPLMN", "^NQNALMEUR", "^NQGXGBLMEUR", "^NQDMXKRGBP", "^NQDM3000LMGBP", "^NQDMXGBLMGBPN", "^NQG3700LMJPY", "^NQCRD", "^NQDMXKRCADN", "^NQG3700LMAUDN", "^NQGXGBLMCAD", "^NQDMXGBLMGBP", "^NQDMXKRLCAUDN", "^NQDXUSLCGBPN", "^NQNA3000LMN", "^NQDM3700LMGBPN", "^NQUSBLMGBPN", "^NQNA3700LMAUD", "^NQDMXKRLMN", "^NQFGSLN", "^NQGXJPLMAUD", "^NQUSB3000LM", "^NQDMXGBLMAUDN", "^NQNA3700LMJPYN", "^NQDMXJPLMJPY", "^NQDMXKRLCGBPN", "^NQDM3000LMEURN", "^NQNA3700LM", "^NQDMXKREURN", "^NQNA3000LMCAD", "^NQNALMJPYN", "^NQDM3700LMAUDN", "^NQNA3000LMEUR", "^NQG3700LMCADN", "^NQDMXJPLMCADN", "^NQUSB3760LMCADN", "^NQDVRIS", "^RCHNTR", "^NQUSB3700LMAUD", "^NQG3000LMN", "^NQDM3000LMJPYN", "^NQDMXGBLMAUD", "^NQUSBLMAUDN", "^NQUSB3760LMJPY", "^NQNA3700LMN", "^NQDMXJPLMCAD", "^NQUSB3700LMAUDN", "^NQDMXJPLMEUR", "^NQDMXKRLMGBP", "^NQDXUSLCVN", "^NQGXGBLMAUDN", "^NQDM3700LMJPY", "^NQG3700LMEUR", "^NQNA3700LMEURN", "^NQUS500LCN", "^NQG3700LMCAD", "^NQUS500LCV"], "currency": "USD", "firstTradeDateMilliseconds": 344615400000, "priceHint": 2, "totalCash": 9479999500.0, "floatShares": 1248153378, "ebitda": 4639000064, "shortRatio": 1.52, "preMarketChange": -0.19000244, "preMarketChangePercent": -0.15563765, "preMarketTime": 1603977742, "targetPriceHigh": 185.0, "targetPriceLow": 85.5, "targetPriceMean": 145.08, "targetPriceMedian": 150.0, "preMarketPrice": 121.89, "heldPercentInsiders": 1.173, "heldPercentInstitutions": 85.827, "regularMarketChange": 0.15999603, "regularMarketChangePercent": 0.13105835, "regularMarketTime": 1603978206, "regularMarketPrice": 122.24, "regularMarketDayHigh": 122.24, "regularMarketDayRange": "122.082 - 122.24", "regularMarketDayLow": 122.082, "regularMarketVolume": 100607, "sharesShort": 12992749, "sharesShortPrevMonth": 11033382, "shortPercentFloat": 1.36, "regularMarketPreviousClose": 122.08, "bid": 122.25, "ask": 122.5, "bidSize": 9, "askSize": 12, "exchange": "NYQ", "market": "us_market", "messageBoardId": "finmb_291981", "fullExchangeName": "NYSE", "shortName": "Nike, Inc.", "longName": "NIKE, Inc.", "regularMarketOpen": 125.28, "averageDailyVolume3Month": 6558447, "averageDailyVolume10Day": 4727225, "beta": 0.806949, "fiftyTwoWeekLowChange": 62.239998, "fiftyTwoWeekLowChangePercent": 1.0373333, "fiftyTwoWeekRange": "60.0 - 131.38", "fiftyTwoWeekHighChange": -9.140007, "fiftyTwoWeekHighChangePercent": -0.06956924, "fiftyTwoWeekLow": 60.0, "fiftyTwoWeekHigh": 131.38, "dividendDate": 1601510400, "exDividendDate": 1598572800, "earningsTimestamp": 1600791301, "earningsTimestampStart": 1608249600, "earningsTimestampEnd": 1608595200, "trailingAnnualDividendRate": 0.98, "trailingPE": 72.37418, "pegRatio": 1.69, "dividendsPerShare": 0.98, "dividendRate": 0.98, "trailingAnnualDividendYield": 0.008027523, "dividendYield": 0.8, "revenue": 37337002000.0, "priceToSales": 5.139567, "marketState": "REGULAR", "epsTrailingTwelveMonths": 1.689, "epsForward": 3.69, "epsCurrentYear": 2.87, "epsNextQuarter": 0.75, "priceEpsCurrentYear": 42.592335, "priceEpsNextQuarter": 162.98666, "sharesOutstanding": 1254809984, "bookValue": 5.894, "fiftyDayAverage": 124.58611, "fiftyDayAverageChange": -2.346115, "fiftyDayAverageChangePercent": -0.018831274, "twoHundredDayAverage": 104.809, "twoHundredDayAverageChange": 17.431, "twoHundredDayAverageChangePercent": 0.16631205, "marketCap": 191896010752, "forwardPE": 33.12737, "priceToBook": 20.739735, "sourceInterval": 15, "exchangeDataDelayedBy": 0, "exchangeTimezoneName": "America/New_York", "exchangeTimezoneShortName": "EDT", "pageViews": {"midTermTrend": "UP", "longTermTrend": "UP", "shortTermTrend": "DOWN"}, "gmtOffSetMilliseconds": -14400000, "esgPopulated": false, "tradeable": false, "symbol": "NKE"}, {"language": "en-US", "region": "US", "quoteType": "EQUITY", "quoteSourceName": "Nasdaq Real Time Price", "triggerable": true, "quoteSummary": {"earnings": {"maxAge": 86400, "earningsChart": {"quarterly": [{"date": "2Q2020", "actual": -0.16, "estimate": -0.13}], "currentQuarterEstimate": -0.19, "currentQuarterEstimateDate": "3Q", "currentQuarterEstimateYear": 2020, "earningsDate": [1604880000]}, "financialsChart": {"yearly": [{"date": 2017, "revenue": 486000, "earnings": -17556000}, {"date": 2018, "revenue": 173000, "earnings": -64293000}, {"date": 2019, "revenue": 482000, "earnings": -88656000}], "quarterly": [{"date": "1Q2019", "revenue": 124000, "earnings": -30097000}, {"date": "2Q2019", "revenue": 13000, "earnings": -16766000}, {"date": "1Q2020", "revenue": 58000, "earnings": -33163000}, {"date": "2Q2020", "revenue": 36000, "earnings": -86643000}]}, "financialCurrency": "USD"}}, "currency": "USD", "firstTradeDateMilliseconds": 1528723800000, "priceHint": 2, "totalCash": 698385980.0, "floatShares": 151815975, "ebitda": -152818000, "shortRatio": 0.97, "preMarketChange": 0.26000023, "preMarketChangePercent": 1.3218111, "preMarketTime": 1603978164, "targetPriceHigh": 79.0, "targetPriceLow": 15.0, "targetPriceMean": 36.4, "targetPriceMedian": 26.0, "preMarketPrice": 19.93, "regularMarketChange": 0.3600006, "regularMarketChangePercent": 1.8302014, "regularMarketTime": 1603978200, "regularMarketPrice": 20.03, "regularMarketDayHigh": 20.03, "regularMarketDayRange": "19.91 - 20.03", "regularMarketDayLow": 19.91, "regularMarketVolume": 168958, "sharesShort": 37950162, "sharesShortPrevMonth": 22871891, "regularMarketPreviousClose": 19.67, "bid": 19.9, "ask": 20.1, "bidSize": 18, "askSize": 8, "exchange": "NMS", "market": "us_market", "messageBoardId": "finmb_590935798", "fullExchangeName": "NasdaqGS", "shortName": "Nikola Corporation", "longName": "Nikola Corporation", "regularMarketOpen": 20.91, "averageDailyVolume3Month": 30263303, "averageDailyVolume10Day": 13471612, "fiftyTwoWeekLowChange": 9.830001, "fiftyTwoWeekLowChangePercent": 0.96372557, "fiftyTwoWeekRange": "10.2 - 93.99", "fiftyTwoWeekHighChange": -73.96, "fiftyTwoWeekHighChangePercent": -0.78689224, "fiftyTwoWeekLow": 10.2, "fiftyTwoWeekHigh": 93.99, "earningsTimestamp": 1604939400, "earningsTimestampStart": 1604939400, "earningsTimestampEnd": 1604939400, "pegRatio": -1.63, "dividendsPerShare": 0.0, "revenue": 440000.0, "priceToSales": 17252.248, "marketState": "REGULAR", "epsCurrentYear": -0.66, "epsNextQuarter": -0.22, "priceEpsCurrentYear": -30.348484, "priceEpsNextQuarter": -91.045456, "sharesOutstanding": 378980992, "fiftyDayAverage": 25.347916, "fiftyDayAverageChange": -5.317915, "fiftyDayAverageChangePercent": -0.20979694, "twoHundredDayAverage": 34.91335, "twoHundredDayAverageChange": -14.883348, "twoHundredDayAverageChangePercent": -0.4262939, "marketCap": 7590989312, "sourceInterval": 15, "exchangeDataDelayedBy": 0, "exchangeTimezoneName": "America/New_York", "exchangeTimezoneShortName": "EDT", "pageViews": {"midTermTrend": "UP", "longTermTrend": "NONE", "shortTermTrend": "UP"}, "gmtOffSetMilliseconds": -14400000, "esgPopulated": false, "tradeable": false, "symbol": "NKLA"}, {"language": "en-US", "region": "US", "quoteType": "EQUITY", "quoteSourceName": "Nasdaq Real Time Price", "triggerable": true, "quoteSummary": {"earnings": {"maxAge": 86400, "earningsChart": {"quarterly": [{"date": "3Q2019", "actual": -0.36, "estimate": -0.04}, {"date": "4Q2019", "actual": 0.12, "estimate": -0.14}, {"date": "1Q2020", "actual": 0.08, "estimate": -0.07}, {"date": "2Q2020", "actual": 0.56, "estimate": -0.09}], "currentQuarterEstimate": 0.29, "currentQuarterEstimateDate": "3Q", "currentQuarterEstimateYear": 2020, "earningsDate": [1604880000]}, "financialsChart": {"yearly": [{"date": 2016, "revenue": 406039000, "earnings": 34178000}, {"date": 2017, "revenue": 406184000, "earnings": 26267000}, {"date": 2018, "revenue": 396753000, "earnings": 14658000}, {"date": 2019, "revenue": 309285000, "earnings": -92800000}], "quarterly": [{"date": "3Q2019", "revenue": 61708000, "earnings": -10689000}, {"date": "4Q2019", "revenue": 104173000, "earnings": 5332000}, {"date": "1Q2020", "revenue": 93722000, "earnings": 2184000}, {"date": "2Q2020", "revenue": 114188000, "earnings": -5110000}]}, "financialCurrency": "USD"}}, "components": ["^NQDMXKRAUDN", "^NQDMXKRSCEURN", "^NQDMXKRSCCAD", "^NQDMXKRSCN", "^NQUSSVN", "^NQDMXKREURN", "^NQDMXKRAUD", "^NQDMXKRSCJPYN", "^NQDMXKRSCCADN", "^NQDMXKRJPY", "^NQDMXKRN", "^NQDMXKRSCAUD", "^NQDMXKRGBP", "^NQUSSV", "^NQDMXKRJPYN", "^NQDMXKRSCJPY", "^NQDMXKRSCGBPN", "^NQDMXKRCADN", "^NQDMXKREUR", "^NQDMXKRCAD", "^NQDMXKRSCAUDN", "^NQDMXKRSCEUR", "^NQDMXKR", "^NQDMXKRSCGBP", "^NQDMXKRGBPN", "^NQDMXKRSC"], "currency": "USD", "firstTradeDateMilliseconds": 925911000000, "priceHint": 2, "totalCash": 45656000.0, "floatShares": 27535592, "ebitda": 27457000, "shortRatio": 2.07, "preMarketChange": 0.35000038, "preMarketChangePercent": 1.4811697, "preMarketTime": 1603977233, "targetPriceHigh": 30.0, "targetPriceLow": 22.0, "targetPriceMean": 26.25, "targetPriceMedian": 26.5, "preMarketPrice": 23.98, "heldPercentInsiders": 2.142, "heldPercentInstitutions": 68.868, "regularMarketChange": 0.31000137, "regularMarketChangePercent": 1.3118975, "regularMarketTime": 1603978205, "regularMarketPrice": 23.94, "regularMarketDayHigh": 23.98, "regularMarketDayRange": "23.86 - 23.98", "regularMarketDayLow": 23.86, "regularMarketVolume": 34480, "sharesShort": 5014411, "sharesShortPrevMonth": 5137374, "shortPercentFloat": 17.02, "regularMarketPreviousClose": 23.63, "bid": 23.85, "ask": 23.9, "bidSize": 8, "askSize": 8, "exchange": "NYQ", "market": "us_market", "messageBoardId": "finmb_399071", "fullExchangeName": "NYSE", "shortName": "Nautilus, Inc.", "longName": "Nautilus, Inc.", "regularMarketOpen": 22.5, "averageDailyVolume3Month": 2440847, "averageDailyVolume10Day": 2718225, "beta": 2.103143, "fiftyTwoWeekLowChange": 22.74, "fiftyTwoWeekLowChangePercent": 18.949999, "fiftyTwoWeekRange": "1.2 - 27.65", "fiftyTwoWeekHighChange": -3.709999, "fiftyTwoWeekHighChangePercent": -0.13417718, "fiftyTwoWeekLow": 1.2, "fiftyTwoWeekHigh": 27.65, "exDividendDate": 1187222400, "earningsTimestamp": 1604955600, "earningsTimestampStart": 1604955600, "earningsTimestampEnd": 1604955600, "pegRatio": 2.15, "dividendsPerShare": 0.0, "revenue": 373791008.0, "priceToSales": 1.9192876, "marketState": "REGULAR", "epsTrailingTwelveMonths": -0.283, "epsForward": 0.65, "epsCurrentYear": 1.11, "epsNextQuarter": 0.19, "priceEpsCurrentYear": 21.567568, "priceEpsNextQuarter": 126.00001, "sharesOutstanding": 29967100, "bookValue": 2.974, "fiftyDayAverage": 19.766666, "fiftyDayAverageChange": 4.173334, "fiftyDayAverageChangePercent": 0.21112989, "twoHundredDayAverage": 11.6805, "twoHundredDayAverageChange": 12.2595005, "twoHundredDayAverageChangePercent": 1.0495698, "marketCap": 717412416, "forwardPE": 36.830772, "priceToBook": 8.049765, "sourceInterval": 15, "exchangeDataDelayedBy": 0, "exchangeTimezoneName": "America/New_York", "exchangeTimezoneShortName": "EDT", "pageViews": {"midTermTrend": "UP", "longTermTrend": "UP", "shortTermTrend": "DOWN"}, "gmtOffSetMilliseconds": -14400000, "esgPopulated": false, "tradeable": false, "symbol": "NLS"}, {"language": "en-US", "region": "US", "quoteType": "EQUITY", "quoteSourceName": "Nasdaq Real Time Price", "triggerable": true, "quoteSummary": {"earnings": {"maxAge": 86400, "earningsChart": {"quarterly": [{"date": "4Q2019", "actual": 1.78, "estimate": 1.57}, {"date": "1Q2020", "actual": 1.89, "estimate": 1.67}, {"date": "2Q2020", "actual": 1.8, "estimate": 1.69}, {"date": "3Q2020", "actual": 2.18, "estimate": 1.97}], "currentQuarterEstimate": 2.56, "currentQuarterEstimateDate": "4Q", "currentQuarterEstimateYear": 2020, "earningsDate": [1605657600]}, "financialsChart": {"yearly": [{"date": 2017, "revenue": 6910000000, "earnings": 1666000000}, {"date": 2018, "revenue": 9714000000, "earnings": 3047000000}, {"date": 2019, "revenue": 11716000000, "earnings": 4141000000}, {"date": 2020, "revenue": 10918000000, "earnings": 2796000000}], "quarterly": [{"date": "4Q2019", "revenue": 3014000000, "earnings": 899000000}, {"date": "1Q2020", "revenue": 3105000000, "earnings": 951000000}, {"date": "2Q2020", "revenue": 3080000000, "earnings": 917000000}, {"date": "3Q2020", "revenue": 3866000000, "earnings": 622000000}]}, "financialCurrency": "USD"}}, "components": ["^NQDMXJPLMAUD", "^NQUSBLM", "^QIV", "^NQDXUSMLTCGN", "^NQUS500LCGN", "^NQUSB9576LMGBPN", "^NQGMOIN", "^NQUSB9576LM", "^NQGS", "^NQNALMEURN", "^NQSSSEN", "^NQUSB9000LMJPYN", "^NQUSBLMCAD", "^NQUSB9000LMEURN", "^NQDMXKRJPYN", "^NQDMXKRLMAUDN", "^NQNA9000LMGBPN", "^NQUSB9570LMJPY", "^NQDMXJPLMAUDN", "^NQDMXKRLMAUD", "^NQUSBLMJPY", "^NDXCHF", "^NQNA9000LMEUR", "^NQNA9000LMCAD", "^NQPRCE", "^NQGXGBLMN", "^NQDMXKRLCJPY", "^NQUSB9000LMEUR", "^NQDXUSLCEUR", "^NQDXUSLCG", "^NQUSB9000LMCAD", "^NQDM9000LMJPY", "^NQG9000LMCADN", "^NQDMXKRAUD", "^NQDMXKRLMGBPN", "^NQGXGBLMGBPN", "^NQDM9000LMEURN", "^NQGXJPLMJPYN", "^NQNALMCADN", "^NQUSBLMEUR", "^NQG9000LMGBP", "^NQDM9000LMJPYN", "^NQNALMJPY", "^NDX", "^NQGXGBLMJPY", "^QCRD", "^NQUSB9570LMGBPN", "^SOX", "^IXCO", "^NQGXJPLMJPY", "^NQDMXKR", "^NQDMXGBLMCADN", "^NQUSB9000LMJPY", "^NQDMXKRLCN", "^NQGXGBLMEURN", "^NQGXJPLMCAD", "^NQGXJPLMEUR", "^XNDXNNRCHF", "^NQDMXJPLMGBPN", "^NQDMXJPLMN", "^NQDM9000LMAUD", "^NQDMXKRLCJPYN", "^NQDMXKRLMCADN", "^NQDMXKRLCEUR", "^NQSSSE", "^NQUSB9000LMN", "^NQDXUSLC", "^NQUSB9570LMAUDN", "^NQGXGBLMJPYN", "^NQG9000LMJPYN", "^NQUSBLMEURN", "^NQDMXKRJPY", "^NQDMXKRLCCAD", "^NQUSB9570LM", "^NQDMXKRLCEURN", "^NQUSMLTCG", "^NQG9000LMAUD", "^NQUSB9576LMGBP", "^NQGXJPLMGBPN", "^QMI", "^NQUSB9000LMCADN", "^IXIC", "^NQNALM", "^NQUS500LC", "^NQDMXGBLMJPY", "^NQFFUSGN", "^NQNALMAUD", "^NQNA9000LMN", "^NQDXUSLCN", "^NQGXGBLMAUD", "^NQUSBLMN", "^NQDMXJPLMGBP", "^NQFGSL", "^NQUSB9570LMCADN", "^NQDMXKRLMEUR", "^MNX1", "^NQNALMAUDN", "^GMB", "^NQG9000LMEURN", "^NQUSB9576LMJPYN", "^NQDM9000LMCADN", "^NQDMXKRLMCAD", "^NQDMXGBLM", "^NQUSB9570LMAUD", "^NQUSB9576LMAUD", "^NQNA9000LMGBP", "^NQDMXGBLMJPYN", "^NQG9000LMN", "^NQDMXKRLMJPY", "^NQUSBLMJPYN", "^NQDM9000LMN", "^NQDMXGBLMCAD", "^XNDXNNRGBP", "^NQUSLG", "^NQDMXGBLMEURN", "^NQDMXKRGBPN", "^NQDMXGBLMEUR", "^XNDXNNR", "^RMIVG20", "^NQDMXKRAUDN", "^NQDMXKRLMJPYN", "^NQUSBLMCADN", "^NQDMXGBLMN", "^NQNALMGBPN", "^NQGXGBLMCADN", "^RSDNTR", "^NQDMXKRLCCADN", "^NQGXJPLMCADN", "^NQGXJPLM", "^NQUSB9576LMEURN", "^NQNA9000LMAUD", "^NQUSB9570LMGBP", "^NQUSBLMGBP", "^RSD", "^NQNALMN", "^NQUSB9000LMAUD", "^NQUSLGN", "^NQNA9000LM", "^NQUSB9570LMEURN", "^SX", "^NQGXJPLMAUDN", "^NQDMXKRLCGBP", "^NQDMXKRLM", "^NQDM9000LMGBP", "^NQUSMLTCGN", "^NQDMXKRLC", "^NQNALMGBP", "^NDXEUR", "^NDXHKD", "^NQDMXJPLMJPYN", "^NQG9000LMEUR", "^NQGXGBLM", "^NQG9000LMCAD", "^NQGMOI", "^NQDMXKRN", "^NQUSB9570LMN", "^XQC", "^NQCRDN", "^NQDMXJPLMEURN", "^NQG9000LMJPY", "^NDXCAD", "^NQDXUSMLTCG", "^NQNA9000LMJPYN", "^NQDMXJPLM", "^NQDMXKREUR", "^NQGXJPLMGBP", "^NQDM9000LMAUDN", "^NQDMXKRLMEURN", "^NQUSBLMAUD", "^NQGXGBLMGBP", "^NQDMXKRCAD", "^NQNA9000LMEURN", "^NQPRCEN", "^XQO", "^NQUSB9000LMAUDN", "^NQUSB9000LMGBP", "^NQDXUSLCEURN", "^GMBNTR", "^NQNA9000LMAUDN", "^NQG9000LMAUDN", "^NQUSB9576LMN", "^NQDMXKRLCAUD", "^XCQ", "^NQDXUSMEGAN", "^NQNALMCAD", "^XCI", "^NQGXJPLMEURN", "^NQDM9000LM", "^NQDXUSLCGBP", "^NQGXJPLMN", "^NQNALMEUR", "^NDXGBP", "^NQFFUSG", "^NQGXGBLMEUR", "^NQUSB9576LMJPY", "^NQDMXKRGBP", "^NQDM9000LMEUR", "^XNDXNNRHKD", "^NQDM9000LMCAD", "^NQDMXGBLMGBPN", "^XNDXNNREUR", "^NQCRD", "^NQDMXKRCADN", "^NQGXGBLMCAD", "^NQDMXGBLMGBP", "^NQDMXKRLCAUDN", "^NQUSB9576LMCADN", "^XNDXNNRCAD", "^NQDM9000LMGBPN", "^NQDXUSLCGBPN", "^NQUSB9570LMJPYN", "^NQG9000LM", "^NQUSBLMGBPN", "^NQDMXKRLMN", "^NQFGSLN", "^NQGXJPLMAUD", "^NQDMXGBLMAUDN", "^NDXT", "^NQUSB9000LM", "^NQDMXJPLMJPY", "^NQDMXKRLCGBPN", "^NQDXUSLCGN", "^NQUS500LCG", "^NDXE", "^NQDMXKREURN", "^NQNALMJPYN", "^NQUSB9000LMGBPN", "^NQUSB9576LMCAD", "^NQG9000LMGBPN", "^NQUSB9576LMEUR", "^NQDMXJPLMCADN", "^NQUSB9570LMCAD", "^NQUSB9570LMEUR", "^NQDMXGBLMAUD", "^NQUSBLMAUDN", "^NQNA9000LMJPY", "^DWUSSR", "^NQDMXJPLMCAD", "^NQDMXJPLMEUR", "^NQDXUSMEGA", "^NQDMXKRLMGBP", "^NQGXGBLMAUDN", "^NQUSB9576LMAUDN", "^NQUS500LCN", "^NQNA9000LMCADN"], "currency": "USD", "firstTradeDateMilliseconds": 917015400000, "priceHint": 2, "totalCash": 10981000200.0, "floatShares": 590919410, "ebitda": 4440000000, "shortRatio": 0.48, "preMarketChange": 8.190033, "preMarketChangePercent": 1.6215318, "preMarketTime": 1603978199, "targetPriceHigh": 700.0, "targetPriceLow": 300.0, "targetPriceMean": 571.37, "targetPriceMedian": 595.0, "preMarketPrice": 513.27, "heldPercentInsiders": 4.151, "heldPercentInstitutions": 69.228, "regularMarketChange": 7.9200134, "regularMarketChangePercent": 1.5680711, "regularMarketTime": 1603978200, "regularMarketPrice": 513.0, "regularMarketDayHigh": 513.54, "regularMarketDayRange": "512.4043 - 513.54", "regularMarketDayLow": 512.4043, "regularMarketVolume": 228021, "sharesShort": 6627624, "sharesShortPrevMonth": 5793414, "shortPercentFloat": 1.12, "regularMarketPreviousClose": 505.08, "bid": 510.5, "ask": 508.5, "bidSize": 8, "askSize": 8, "exchange": "NMS", "market": "us_market", "messageBoardId": "finmb_32307", "fullExchangeName": "NasdaqGS", "shortName": "NVIDIA Corporation", "longName": "NVIDIA Corporation", "regularMarketOpen": 527.92, "averageDailyVolume3Month": 12997052, "averageDailyVolume10Day": 6972850, "beta": 1.544401, "fiftyTwoWeekLowChange": 332.32, "fiftyTwoWeekLowChangePercent": 1.8392739, "fiftyTwoWeekRange": "180.68 - 589.07", "fiftyTwoWeekHighChange": -76.07001, "fiftyTwoWeekHighChangePercent": -0.12913577, "fiftyTwoWeekLow": 180.68, "fiftyTwoWeekHigh": 589.07, "dividendDate": 1600905600, "exDividendDate": 1598918400, "earningsTimestamp": 1605733200, "earningsTimestampStart": 1605733200, "earningsTimestampEnd": 1605733200, "trailingAnnualDividendRate": 0.64, "trailingPE": 94.232185, "pegRatio": 3.18, "dividendsPerShare": 0.64, "dividendRate": 0.64, "trailingAnnualDividendYield": 0.0012671261, "dividendYield": 0.12, "revenue": 13064999900.0, "priceToSales": 24.254671, "marketState": "REGULAR", "epsTrailingTwelveMonths": 5.444, "epsForward": 11.09, "epsCurrentYear": 9.1, "epsNextQuarter": 2.54, "priceEpsCurrentYear": 56.373623, "priceEpsNextQuarter": 201.9685, "sharesOutstanding": 617000000, "bookValue": 22.551, "fiftyDayAverage": 528.07776, "fiftyDayAverageChange": -15.077759, "fiftyDayAverageChangePercent": -0.028552156, "twoHundredDayAverage": 423.4572, "twoHundredDayAverageChange": 89.542786, "twoHundredDayAverageChangePercent": 0.2114565, "marketCap": 316887269376, "forwardPE": 46.25789, "priceToBook": 22.748436, "sourceInterval": 15, "exchangeDataDelayedBy": 0, "exchangeTimezoneName": "America/New_York", "exchangeTimezoneShortName": "EDT", "pageViews": {"midTermTrend": "UP", "longTermTrend": "UP", "shortTermTrend": "UP"}, "gmtOffSetMilliseconds": -14400000, "esgPopulated": false, "tradeable": false, "symbol": "NVDA"}, {"language": "en-US", "region": "US", "quoteType": "EQUITY", "quoteSourceName": "Nasdaq Real Time Price", "triggerable": true, "quoteSummary": {"earnings": {"maxAge": 86400, "earningsChart": {"quarterly": [{"date": "3Q2019", "actual": -1.29, "estimate": -0.44}, {"date": "4Q2019", "actual": -0.2, "estimate": -0.35}, {"date": "1Q2020", "actual": -0.2, "estimate": -0.18}, {"date": "2Q2020", "actual": 0.27, "estimate": 0.1}], "currentQuarterEstimate": 0.11, "currentQuarterEstimateDate": "3Q", "currentQuarterEstimateYear": 2020, "earningsDate": [1604534400]}, "financialsChart": {"yearly": [{"date": 2017, "revenue": 218600000, "earnings": -71100000}, {"date": 2018, "revenue": 435000000, "earnings": -47900000}, {"date": 2019, "revenue": 915000000, "earnings": -195600000}, {"date": 2020, "revenue": 1825900000, "earnings": -71600000}], "quarterly": [{"date": "3Q2019", "revenue": 228000000, "earnings": -49800000}, {"date": "4Q2019", "revenue": 466200000, "earnings": -55400000}, {"date": "1Q2020", "revenue": 524600000, "earnings": -55600000}, {"date": "2Q2020", "revenue": 607100000, "earnings": 89100000}]}, "financialCurrency": "USD"}}, "currency": "USD", "firstTradeDateMilliseconds": 1569504600000, "priceHint": 2, "totalCash": 1755000060.0, "floatShares": 196059996, "ebitda": 12900000, "shortRatio": 0.46, "preMarketChange": 2.0799942, "preMarketChangePercent": 1.7032379, "preMarketTime": 1603978199, "targetPriceHigh": 160.0, "targetPriceLow": 33.0, "targetPriceMean": 120.54, "targetPriceMedian": 122.5, "preMarketPrice": 124.2, "heldPercentInsiders": 0.07, "heldPercentInstitutions": 39.066, "postMarketChangePercent": 1.0481484, "postMarketTime": 1603929099, "postMarketPrice": 123.4, "postMarketChange": 1.2799988, "regularMarketChange": 0.9700012, "regularMarketChangePercent": 0.8006613, "regularMarketTime": 1603915201, "regularMarketPrice": 122.12, "regularMarketDayHigh": 124.3362, "regularMarketDayRange": "119.5601 - 124.3362", "regularMarketDayLow": 119.5601, "regularMarketVolume": 64854, "sharesShort": 14767065, "sharesShortPrevMonth": 10553040, "shortPercentFloat": 5.93, "regularMarketPreviousClose": 121.15, "bid": 122.5, "ask": 122.95, "bidSize": 10, "askSize": 13, "exchange": "NMS", "market": "us_market", "messageBoardId": "finmb_225591096", "fullExchangeName": "NasdaqGS", "shortName": "Peloton Interactive, Inc.", "longName": "Peloton Interactive, Inc.", "regularMarketOpen": 122.11, "averageDailyVolume3Month": 21169972, "averageDailyVolume10Day": 15193225, "fiftyTwoWeekLowChange": 104.42, "fiftyTwoWeekLowChangePercent": 5.8994346, "fiftyTwoWeekRange": "17.7 - 139.75", "fiftyTwoWeekHighChange": -17.629997, "fiftyTwoWeekHighChangePercent": -0.12615383, "fiftyTwoWeekLow": 17.7, "fiftyTwoWeekHigh": 139.75, "earningsTimestamp": 1604610000, "earningsTimestampStart": 1604610000, "earningsTimestampEnd": 1604610000, "pegRatio": -166.83, "dividendsPerShare": 0.0, "revenue": 1825900030.0, "priceToSales": 19.473387, "marketState": "REGULAR", "epsTrailingTwelveMonths": -2.105, "epsForward": -0.97, "epsCurrentYear": 0.12, "epsNextQuarter": 0.09, "priceEpsCurrentYear": 1017.6667, "priceEpsNextQuarter": 1356.8889, "sharesOutstanding": 254875008, "bookValue": 5.506, "fiftyDayAverage": 108.233055, "fiftyDayAverageChange": 13.886948, "fiftyDayAverageChangePercent": 0.12830597, "twoHundredDayAverage": 68.29822, "twoHundredDayAverageChange": 53.821785, "twoHundredDayAverageChangePercent": 0.7880408, "marketCap": 35556458496, "forwardPE": -125.896904, "priceToBook": 22.179441, "sourceInterval": 15, "exchangeDataDelayedBy": 0, "exchangeTimezoneName": "America/New_York", "exchangeTimezoneShortName": "EDT", "pageViews": {"midTermTrend": "UP", "longTermTrend": "UP", "shortTermTrend": "UP"}, "gmtOffSetMilliseconds": -14400000, "esgPopulated": false, "tradeable": false, "symbol": "PTON"}, {"language": "en-US", "region": "US", "quoteType": "EQUITY", "quoteSourceName": "Nasdaq Real Time Price", "triggerable": true, "quoteSummary": {"earnings": {"maxAge": 86400, "earningsChart": {"quarterly": [{"date": "4Q2018", "actual": 0.69, "estimate": 0.79}, {"date": "1Q2020", "actual": 0.87, "estimate": 0.72}, {"date": "2Q2020", "actual": 1.05, "estimate": 1.23}, {"date": "3Q2020", "actual": 1.39, "estimate": 0.97}], "currentQuarterEstimate": 1.07, "currentQuarterEstimateDate": "4Q", "currentQuarterEstimateYear": 2020, "earningsDate": [1603843200]}, "financialsChart": {"yearly": [{"date": 2016, "revenue": 664328000, "earnings": 87472000}, {"date": 2017, "revenue": 522256000, "earnings": 52142000}, {"date": 2018, "revenue": 495635000, "earnings": 50933000}, {"date": 2019, "revenue": 410506000, "earnings": 32291000}], "quarterly": [{"date": "3Q2019", "revenue": 94999000, "earnings": 4817000}, {"date": "4Q2019", "revenue": 105139000, "earnings": 8208000}, {"date": "1Q2020", "revenue": 123639000, "earnings": 15338000}, {"date": "2Q2020", "revenue": 130264000, "earnings": 18594000}]}, "financialCurrency": "USD"}}, "components": ["^NQDXUSSCGBPN", "^NQDMXKRAUDN", "^NQDMXKRSCEURN", "^NQDMXKRSCCAD", "^NQDMXKRSCN", "^NQUSSVN", "^NQDMXKREURN", "^NQDMXKRAUD", "^NQDMXKRSCJPYN", "^NQDMXKRSCCADN", "^NQDMXKRJPY", "^NQDXUSMLTCVN", "^NQDMXKRN", "^NQDXUSSCEUR", "^NQUSMLTCVN", "^NQDMXKRSCAUD", "^NQDMXKRGBP", "^NQDXUSSCVN", "^NQUSSV", "^NQDMXKRJPYN", "^NQDMXKRSCJPY", "^NQDXUSSCV", "^NQDMXKRSCGBPN", "^NQUS700SCN", "^NQUS700SC", "^NQUS700SCVN", "^NQUSMLTCV", "^NQDMXKRCADN", "^NQDXUSSCGBP", "^NQUS700SCV", "^NQDMXKREUR", "^NQDXUSSCEURN", "^NQDMXKRCAD", "^NQDMXKRSCAUDN", "^NQDMXKRSCEUR", "^NQDMXKR", "^NQDMXKRSCGBP", "^NQDXUSMLTCV", "^NQDMXKRGBPN", "^NQDXUSSCN", "^NQDMXKRSC", "^NQDXUSSC"], "currency": "USD", "firstTradeDateMilliseconds": 105283800000, "priceHint": 2, "totalCash": 226583008.0, "floatShares": 15634861, "ebitda": 88451000, "shortRatio": 7.2, "preMarketChange": 2.8299942, "preMarketChangePercent": 4.3219213, "preMarketTime": 1603978170, "targetPriceHigh": 92.0, "targetPriceLow": 70.0, "targetPriceMean": 81.0, "targetPriceMedian": 81.0, "preMarketPrice": 68.31, "heldPercentInsiders": 4.832, "heldPercentInstitutions": 73.438, "regularMarketChange": 3.3949966, "regularMarketChangePercent": 5.184784, "regularMarketTime": 1603978206, "regularMarketPrice": 68.875, "regularMarketDayHigh": 68.875, "regularMarketDayRange": "68.3 - 68.875", "regularMarketDayLow": 68.3, "regularMarketVolume": 18916, "sharesShort": 1759453, "sharesShortPrevMonth": 1757820, "shortPercentFloat": 12.7, "regularMarketPreviousClose": 65.48, "bid": 66.17, "ask": 69.0, "bidSize": 8, "askSize": 9, "exchange": "NYQ", "market": "us_market", "messageBoardId": "finmb_305647", "fullExchangeName": "NYSE", "shortName": "Sturm, Ruger & Company, Inc.", "longName": "Sturm, Ruger & Company, Inc.", "regularMarketOpen": 63.94, "averageDailyVolume3Month": 314804, "averageDailyVolume10Day": 282162, "beta": 0.387203, "fiftyTwoWeekLowChange": 30.435001, "fiftyTwoWeekLowChangePercent": 0.7917535, "fiftyTwoWeekRange": "38.44 - 90.74", "fiftyTwoWeekHighChange": -21.864998, "fiftyTwoWeekHighChangePercent": -0.24096318, "fiftyTwoWeekLow": 38.44, "fiftyTwoWeekHigh": 90.74, "dividendDate": 1598572800, "exDividendDate": 1597276800, "earningsTimestamp": 1603904700, "earningsTimestampStart": 1603904700, "earningsTimestampEnd": 1603904700, "trailingAnnualDividendRate": 1.06, "trailingPE": 26.118694, "dividendsPerShare": 0.78, "dividendRate": 1.06, "trailingAnnualDividendYield": 0.016188147, "dividendYield": 1.63, "revenue": 454041984.0, "priceToSales": 2.654006, "marketState": "REGULAR", "epsTrailingTwelveMonths": 2.637, "epsForward": 3.57, "epsCurrentYear": 3.95, "epsNextQuarter": 1.08, "priceEpsCurrentYear": 17.436708, "priceEpsNextQuarter": 63.773144, "sharesOutstanding": 17495900, "bookValue": 17.807, "fiftyDayAverage": 63.559166, "fiftyDayAverageChange": 5.315834, "fiftyDayAverageChangePercent": 0.08363599, "twoHundredDayAverage": 67.69507, "twoHundredDayAverageChange": 1.1799316, "twoHundredDayAverageChangePercent": 0.017430097, "marketCap": 1205030144, "forwardPE": 19.292717, "priceToBook": 3.867861, "sourceInterval": 15, "exchangeDataDelayedBy": 0, "exchangeTimezoneName": "America/New_York", "exchangeTimezoneShortName": "EDT", "pageViews": {"midTermTrend": "UP", "longTermTrend": "UP", "shortTermTrend": "UP"}, "gmtOffSetMilliseconds": -14400000, "esgPopulated": false, "tradeable": false, "symbol": "RGR"}, {"language": "en-US", "region": "US", "quoteType": "EQUITY", "quoteSourceName": "Delayed Quote", "triggerable": true, "quoteSummary": {"earnings": {"maxAge": 86400, "earningsChart": {"quarterly": [{"date": "4Q2019", "actual": 4.27, "estimate": 4.39}, {"date": "1Q2020", "actual": 4.08, "estimate": 3.94}, {"date": "2Q2020", "actual": 7.1, "estimate": 5.85}, {"date": "3Q2020", "actual": 8.29, "estimate": 7.8}], "currentQuarterEstimate": 4.85, "currentQuarterEstimateDate": "4Q", "currentQuarterEstimateYear": 2020, "earningsDate": [1611792000]}, "financialsChart": {"yearly": [{"date": 2016, "revenue": 11855602000, "earnings": 1132703000}, {"date": 2017, "revenue": 14983800000, "earnings": 1727900000}, {"date": 2018, "revenue": 17534500000, "earnings": 1108700000}, {"date": 2019, "revenue": 17900800000, "earnings": 1541300000}], "quarterly": [{"date": "4Q2019", "revenue": 4114429000, "earnings": 248622000}, {"date": "1Q2020", "revenue": 4146700000, "earnings": 321700000}, {"date": "2Q2020", "revenue": 4604000000, "earnings": 595900000}, {"date": "3Q2020", "revenue": 5122200000, "earnings": 705800000}]}, "financialCurrency": "USD"}}, "components": ["^NQDMXJPLMAUD", "^NQUSBLM", "^NQNA2000LMGBPN", "^NQNA2300LMEUR", "^NQUSB2000LMAUD", "^NQDXUSMLTCGN", "^NQG2300LMJPYN", "^NQUS500LCGN", "^NQNA2300LMCAD", "^NQUSB2300LMEUR", "^NQNA2000LMN", "^NQG2300LMEURN", "^NQNALMEURN", "^NQUSBLMCAD", "^DVGCADN", "^NQNA2300LMAUDN", "^NQDMXKRJPYN", "^NQDMXKRLMAUDN", "^NQUSB2300LMCAD", "^NQDMXJPLMAUDN", "^NQDMXKRLMAUD", "^NQUSBLMJPY", "^NQNA2300LMJPY", "^NQUSB2000LMN", "^NQDM2300LMGBPN", "^NQUSB2000LMJPYN", "^NQGXGBLMN", "^NQVDIV", "^NQNA2000LMAUD", "^NQDMXKRLCJPY", "^NQDXUSLCEUR", "^NQDXUSLCG", "^CAPEXA", "^NQUSB2000LMGBP", "^NQUSB2300LM", "^NQNA2300LMGBPN", "^NQDMXKRAUD", "^NQG2000LMJPY", "^NQUSB2353LMGBP", "^NQDMXKRLMGBPN", "^NQGXGBLMGBPN", "^NQGXJPLMJPYN", "^NQNALMCADN", "^NQUSBLMEUR", "^NQDM2000LMGBP", "^NQNALMJPY", "^NQDM2300LMAUD", "^DAA", "^NQGXGBLMJPY", "^NQG2000LMCADN", "^NQG2000LMCAD", "^NQGXJPLMJPY", "^NQNA2000LMAUDN", "^NQDMXKR", "^NQDMXGBLMCADN", "^NQDMXKRLCN", "^NQGXGBLMEURN", "^NQGXJPLMCAD", "^NQUSB2300LMEURN", "^NQGXJPLMEUR", "^NQUSB2353LMAUD", "^NQUSB2353LMEURN", "^NQDM2300LMJPYN", "^NQDMXJPLMGBPN", "^NQG2000LMEUR", "^NQDMXJPLMN", "^NQDMXKRLCJPYN", "^NQDMXKRLMCADN", "^NQG2300LMAUD", "^NQDMXKRLCEUR", "^NQDXUSLC", "^NQUSB2300LMJPYN", "^NQGXGBLMJPYN", "^NQDM2300LMAUDN", "^NQG2300LMCADN", "^NQUSBLMEURN", "^NQDMXKRJPY", "^NQDMXKRLCCAD", "^NQDMXKRLCEURN", "^NQUSMLTCG", "^NQDM2300LMGBP", "^NQDM2000LMEURN", "^NQGXJPLMGBPN", "^NQNALM", "^NQUS500LC", "^NQG2300LM", "^NQDMXGBLMJPY", "^NQNALMAUD", "^NQVMVUS", "^NQDXUSLCN", "^NQUSB2353LMJPYN", "^NQDM2000LMJPYN", "^NQGXGBLMAUD", "^NQDM2000LMCAD", "^NQVDIVN", "^NQUSBLMN", "^NQDMXJPLMGBP", "^NQDM2000LMEUR", "^NQNA2000LMJPY", "^NQUSB2300LMJPY", "^NQDMXKRLMEUR", "^NQUSB2000LMEURN", "^NQNA2000LM", "^NQNALMAUDN", "^NQG2300LMGBP", "^CAPEXAN", "^NQDMXKRLMCAD", "^NQDMXGBLM", "^NQG2300LMN", "^NQDM2300LMCADN", "^NQDMXGBLMJPYN", "^NQDM2300LMN", "^NQG2000LMEURN", "^NQDMXKRLMJPY", "^NQUSBLMJPYN", "^NQDMXGBLMCAD", "^NQUSLG", "^NQDMXGBLMEURN", "^NQDMXKRGBPN", "^NQDMXGBLMEUR", "^NQG2000LMJPYN", "^NQG2000LMGBPN", "^NQUSB2300LMAUD", "^NQUSB2353LMCADN", "^NQDMXKRAUDN", "^NQDMXKRLMJPYN", "^NQUSBLMCADN", "^NQDMXGBLMN", "^NQNA2300LMJPYN", "^NQNA2000LMEUR", "^NQNALMGBPN", "^NQGXGBLMCADN", "^NQDMXKRLCCADN", "^NQNA2000LMCAD", "^NQGXJPLMCADN", "^NQUSB2300LMCADN", "^NQNA2300LM", "^NQDM2000LMCADN", "^NQGXJPLM", "^NQUSB2000LMAUDN", "^NQUSBLMGBP", "^NQG2300LMAUDN", "^NQNALMN", "^NQUSLGN", "^NQUSB2353LM", "^NQDM2000LM", "^NQNA2300LMGBP", "^NQUSB2300LMN", "^NQG2000LMGBP", "^NQGXJPLMAUDN", "^NQNA2000LMJPYN", "^NQDM2000LMAUDN", "^NQUSB2000LMCADN", "^NQDMXKRLCGBP", "^NQDMXKRLM", "^NQUSB2353LMN", "^NQUSMLTCGN", "^NQDMXKRLC", "^NQNALMGBP", "^NQNA2000LMEURN", "^NQUSB2000LMJPY", "^NQDMXJPLMJPYN", "^NQGXGBLM", "^NQUSB2353LMJPY", "^NQDMXKRN", "^NQNA2300LMN", "^NQUSB2000LMCAD", "^NQDMXJPLMEURN", "^NQDM2300LMEURN", "^NQUSB2000LMEUR", "^NQDXUSMLTCG", "^NQUSB2353LMCAD", "^NQDMXJPLM", "^NQDM2000LMJPY", "^NQDMXKREUR", "^NQGXJPLMGBP", "^NQDMXKRLMEURN", "^NQUSBLMAUD", "^NQDM2300LMCAD", "^NQGXGBLMGBP", "^NQDMXKRCAD", "^NQUSB2300LMAUDN", "^NQNA2300LMEURN", "^DAAXMLPREIT", "^NQDXUSLCEURN", "^NQDM2300LMEUR", "^NQG2300LMEUR", "^NQDMXKRLCAUD", "^NQNALMCAD", "^NQG2300LMCAD", "^NQNA2300LMCADN", "^NQGXJPLMEURN", "^NQDXUSLCGBP", "^NQUSB2353LMEUR", "^NQGXJPLMN", "^NQNALMEUR", "^NQG2000LMAUD", "^NQGXGBLMEUR", "^NQDMXKRGBP", "^NQDM2000LMAUD", "^NQDMXGBLMGBPN", "^NQUSB2353LMAUDN", "^NQUSB2300LMGBPN", "^NQDMXKRCADN", "^NQGXGBLMCAD", "^NQDMXGBLMGBP", "^NQDMXKRLCAUDN", "^NQDM2300LMJPY", "^NQDXUSLCGBPN", "^NQUSBLMGBPN", "^NQDMXKRLMN", "^NQGXJPLMAUD", "^NQDMXGBLMAUDN", "^NQNA2000LMGBP", "^NQDMXJPLMJPY", "^NQDMXKRLCGBPN", "^NQDXUSLCGN", "^NQVMVUSN", "^NQG2300LMGBPN", "^NQUS500LCG", "^NQDMXKREURN", "^NQNALMJPYN", "^NQG2300LMJPY", "^NQNA2000LMCADN", "^NQG2000LMAUDN", "^NQDMXJPLMCADN", "^NQUSB2300LMGBP", "^NQDMXGBLMAUD", "^NQDM2300LM", "^NQUSBLMAUDN", "^NQUSB2000LM", "^NQDM2000LMN", "^NQDMXJPLMCAD", "^NQDM2000LMGBPN", "^NQDMXJPLMEUR", "^NQDMXKRLMGBP", "^NQGXGBLMAUDN", "^NQUS500LCN", "^NQUSB2353LMGBPN", "^NQG2000LMN", "^NQG2000LM", "^NQUSB2000LMGBPN", "^NQNA2300LMAUD"], "currency": "USD", "firstTradeDateMilliseconds": 322151400000, "priceHint": 2, "totalCash": 619900030.0, "floatShares": 80885131, "ebitda": 3323300096, "shortRatio": 2.08, "targetPriceHigh": 818.0, "targetPriceLow": 620.0, "targetPriceMean": 747.27, "targetPriceMedian": 757.5, "heldPercentInsiders": 9.697, "heldPercentInstitutions": 81.606, "postMarketChangePercent": 0.0, "postMarketTime": 1603920167, "postMarketPrice": 678.66, "postMarketChange": 0.0, "regularMarketChange": 5.1900024, "regularMarketChangePercent": 0.770636, "regularMarketTime": 1603915201, "regularMarketPrice": 678.66, "regularMarketDayHigh": 686.0, "regularMarketDayRange": "665.93 - 686.0", "regularMarketDayLow": 665.93, "regularMarketVolume": 774171, "sharesShort": 938238, "sharesShortPrevMonth": 941671, "shortPercentFloat": 1.14, "regularMarketPreviousClose": 673.47, "bid": 655.0, "ask": 0.0, "bidSize": 13, "askSize": 8, "exchange": "NYQ", "market": "us_market", "messageBoardId": "finmb_303104", "fullExchangeName": "NYSE", "shortName": "Sherwin-Williams Company (The)", "longName": "The Sherwin-Williams Company", "regularMarketOpen": 674.22, "averageDailyVolume3Month": 447538, "averageDailyVolume10Day": 491200, "beta": 1.137892, "fiftyTwoWeekLowChange": 353.22998, "fiftyTwoWeekLowChangePercent": 1.0854254, "fiftyTwoWeekRange": "325.43 - 725.91", "fiftyTwoWeekHighChange": -47.25, "fiftyTwoWeekHighChangePercent": -0.065090716, "fiftyTwoWeekLow": 325.43, "fiftyTwoWeekHigh": 725.91, "dividendDate": 1599782400, "exDividendDate": 1605139200, "earningsTimestamp": 1611840600, "earningsTimestampStart": 1611840600, "earningsTimestampEnd": 1611840600, "trailingAnnualDividendRate": 5.15, "trailingPE": 33.530632, "pegRatio": 2.99, "dividendsPerShare": 5.15, "dividendRate": 5.36, "trailingAnnualDividendYield": 0.007646963, "dividendYield": 0.79, "revenue": 17987299300.0, "priceToSales": 3.426804, "marketState": "REGULAR", "epsTrailingTwelveMonths": 20.24, "epsForward": 26.18, "epsCurrentYear": 23.86, "epsNextQuarter": 4.7, "priceEpsCurrentYear": 28.443419, "priceEpsNextQuarter": 144.39575, "sharesOutstanding": 91049696, "bookValue": 46.47, "fiftyDayAverage": 692.60803, "fiftyDayAverageChange": -13.948059, "fiftyDayAverageChangePercent": -0.02013846, "twoHundredDayAverage": 618.1397, "twoHundredDayAverageChange": 60.520264, "twoHundredDayAverageChangePercent": 0.097907096, "marketCap": 61638950912, "forwardPE": 25.92284, "priceToBook": 14.6042595, "sourceInterval": 15, "exchangeDataDelayedBy": 0, "exchangeTimezoneName": "America/New_York", "exchangeTimezoneShortName": "EDT", "pageViews": {"midTermTrend": "UP", "longTermTrend": "UP", "shortTermTrend": "UP"}, "gmtOffSetMilliseconds": -14400000, "esgPopulated": false, "tradeable": false, "symbol": "SHW"}, {"language": "en-US", "region": "US", "quoteType": "EQUITY", "quoteSourceName": "Delayed Quote", "triggerable": true, "quoteSummary": {"earnings": {"maxAge": 86400, "earningsChart": {"quarterly": [{"date": "3Q2019", "actual": -0.91, "estimate": -0.86}, {"date": "4Q2019", "actual": -1.12, "estimate": -1.27}, {"date": "1Q2020", "actual": 4.5, "estimate": 4.18}, {"date": "2Q2020", "actual": 3.8, "estimate": 3.37}], "currentQuarterEstimate": 0.09, "currentQuarterEstimateDate": "3Q", "currentQuarterEstimateYear": 2020, "earningsDate": [1604448000]}, "financialsChart": {"yearly": [{"date": 2016, "revenue": 2506200000, "earnings": 315300000}, {"date": 2017, "revenue": 2642100000, "earnings": 218300000}, {"date": 2018, "revenue": 2663400000, "earnings": 63700000}, {"date": 2019, "revenue": 3156000000, "earnings": 460700000}], "quarterly": [{"date": "3Q2019", "revenue": 497700000, "earnings": -57900000}, {"date": "4Q2019", "revenue": 365800000, "earnings": -71400000}, {"date": "1Q2020", "revenue": 1382800000, "earnings": 252200000}, {"date": "2Q2020", "revenue": 1492700000, "earnings": 202800000}]}, "financialCurrency": "USD"}}, "components": ["^NQDMXJPLMAUD", "^NQNA1000LMEURN", "^NQUSBLM", "^NQDXUSMCG", "^NQDMXKRMCCADN", "^NQDXUSMLTCGN", "^NQDMXKRMCAUD", "^NQUSB1000LMCADN", "^NQDM1000LMCADN", "^NQG1300LMJPY", "^NQNALMEURN", "^NQUS600MC", "^NQUSB1357LMAUDN", "^NQG1000LMGBP", "^NQUSBLMCAD", "^NQNA1300LM", "^NQDMXKRJPYN", "^NQDMXKRLMAUDN", "^NQDM1000LMJPY", "^NQUSB1300LMCADN", "^DJUSCH", "^NQG1000LMGBPN", "^NQNA1000LMJPYN", "^NQDMXJPLMAUDN", "^NQDMXKRLMAUD", "^NQUSBLMJPY", "^NQG1300LMAUDN", "^NQNA1300LMAUD", "^NQGXGBLMN", "^NQDM1300LMCADN", "^WEALTHGN", "^NQUSB1000LMN", "^WEALTHGL", "^NQG1300LMEUR", "^NQUSB1300LMAUD", "^NQG1300LMCAD", "^NQDMXKRAUD", "^NQDMXKRLMGBPN", "^NQGXGBLMGBPN", "^NQUSB1357LMJPY", "^NQNA1000LM", "^NQGXJPLMJPYN", "^NQNALMCADN", "^NQUSBLMEUR", "^NQUSB1357LMCADN", "^NQNALMJPY", "^NQDM1300LMGBP", "^NQNA1000LMCAD", "^NQGXGBLMJPY", "^NQDXUSMCN", "^NQNA1000LMEUR", "^NQG1000LMAUDN", "^NQGXJPLMJPY", "^NQNA1300LMN", "^NQDMXKR", "^NQDMXGBLMCADN", "^NQNA1000LMN", "^NQGXGBLMEURN", "^NQGXJPLMCAD", "^NQNA1000LMCADN", "^NQGXJPLMEUR", "^NQUSB1300LMN", "^NQDMXJPLMGBPN", "^NQUSB1300LMGBP", "^NQDMXJPLMN", "^NQDMXKRMCEURN", "^NQDM1000LMJPYN", "^NQDMXKRLMCADN", "^NQUSB1000LMJPY", "^NQUSB1000LMEURN", "^NQGXGBLMJPYN", "^NQUSBLMEURN", "^NQDMXKRMCJPYN", "^NQDMXKRJPY", "^NQDM1000LMEURN", "^NQUSB1357LMAUD", "^NQUSMLTCG", "^NQDM1300LMAUD", "^NQUSB1000LMCAD", "^NQG1300LMGBPN", "^NQUSB1000LMJPYN", "^NQGXJPLMGBPN", "^NQNALM", "^NQUSB1300LMJPYN", "^NQDMXGBLMJPY", "^NQNALMAUD", "^NQDXUSMC", "^NQGXGBLMAUD", "^NQUSB1300LMEURN", "^NQXAUAGR", "^NQUSB1357LMGBPN", "^NQUSBLMN", "^NQDMXJPLMGBP", "^NQNA1000LMGBP", "^NQNA1300LMGBPN", "^NQXAUAGRAUDN", "^NQDMXKRLMEUR", "^NQDM1300LMEURN", "^NQG1300LMN", "^NQNALMAUDN", "^NQG1000LMAUD", "^NQDMXKRLMCAD", "^NQDMXGBLM", "^NQDMXKRMCJPY", "^NQUSB1000LMEUR", "^NQDM1300LMJPYN", "^NQDM1000LM", "^NQDM1000LMAUD", "^NQDMXGBLMJPYN", "^NQNA1000LMAUDN", "^NQUSB1357LMN", "^NQDMXKRLMJPY", "^NQUSBLMJPYN", "^NQUS600MCGN", "^NQDMXGBLMCAD", "^NQDMXGBLMEURN", "^NQDMXKRGBPN", "^NQDMXGBLMEUR", "^NQNA1300LMGBP", "^NQDM1300LMN", "^NQG1000LMEURN", "^NQDMXKRMCEUR", "^NQDMXKRAUDN", "^NQDMXKRLMJPYN", "^NQUSBLMCADN", "^NQDMXGBLMN", "^QAGR", "^NQDMXKRMCCAD", "^NQNALMGBPN", "^NQGXGBLMCADN", "^NQDM1300LMGBPN", "^NQGXJPLMCADN", "^NQG1000LMJPYN", "^NQG1000LMJPY", "^NQNA1300LMAUDN", "^NQG1300LMGBP", "^NQGXJPLM", "^NQG1000LM", "^NQDM1000LMGBP", "^NQUSBLMGBP", "^NQNALMN", "^NQG1000LMCAD", "^RCH", "^NQUSB1300LM", "^NQDMXKRMCN", "^NQNA1000LMAUD", "^NQXAUAGRN", "^NQGXJPLMAUDN", "^NQDM1000LMGBPN", "^NQDMXKRLM", "^NQUSMLTCGN", "^NQG1300LMAUD", "^NQNALMGBP", "^NQUSB1300LMGBPN", "^NQDMXJPLMJPYN", "^NQGXGBLM", "^NQUSB1300LMEUR", "^NQUSB1357LMGBP", "^NQDMXKRN", "^NQDMXKRMCGBPN", "^NQUSB1000LMGBPN", "^NQDMXJPLMEURN", "^NQDM1300LMJPY", "^NQUSB1300LMCAD", "^NQDXUSMCGN", "^NQG1300LMJPYN", "^NQUSB1357LM", "^NQDXUSMLTCG", "^NQXAUAGRAUD", "^NQDMXJPLM", "^NQNA1000LMGBPN", "^NQDMXKREUR", "^NQGXJPLMGBP", "^NQDMXKRLMEURN", "^NQUSBLMAUD", "^NQGXGBLMGBP", "^NQDMXKRCAD", "^NQDMXKRMC", "^NQNA1300LMCADN", "^NQG1300LMEURN", "^NQUSMGN", "^NQNA1000LMJPY", "^NQG1000LMN", "^NQUSB1300LMAUDN", "^NQG1300LM", "^NQNALMCAD", "^NQUSB1357LMCAD", "^NQUS600MCN", "^NQUSB1300LMJPY", "^NQUSB1357LMEUR", "^NQGXJPLMEURN", "^NQUSB1000LMGBP", "^NQUSB1000LM", "^NQGXJPLMN", "^NQNALMEUR", "^NQG1000LMCADN", "^NQDM1300LM", "^NQGXGBLMEUR", "^NQDMXKRGBP", "^NQDMXGBLMGBPN", "^NQDMXKRCADN", "^NQGXGBLMCAD", "^NQDM1000LMAUDN", "^NQDMXGBLMGBP", "^NQDM1300LMEUR", "^NQUSBLMGBPN", "^NQUSB1000LMAUDN", "^NQDM1300LMCAD", "^NQDMXKRLMN", "^NQGXJPLMAUD", "^NQDMXGBLMAUDN", "^NQDMXJPLMJPY", "^NQDM1000LMN", "^NQNA1300LMEUR", "^NQG1000LMEUR", "^NQNA1300LMCAD", "^NQNA1300LMEURN", "^NQUSB1000LMAUD", "^NQDMXKREURN", "^NQNALMJPYN", "^NQDMXJPLMCADN", "^RCHNTR", "^NQDMXKRMCGBP", "^NQDMXGBLMAUD", "^NQUSBLMAUDN", "^NQDMXJPLMCAD", "^NQUSB1357LMEURN", "^NQDMXKRMCAUDN", "^NQDMXJPLMEUR", "^NQG1300LMCADN", "^NQUS600MCG", "^NQDMXKRLMGBP", "^NQGXGBLMAUDN", "^NQDM1000LMEUR", "^NQDM1300LMAUDN", "^NQDM1000LMCAD", "^NQNA1300LMJPY", "^NQNA1300LMJPYN", "^NQUSB1357LMJPYN"], "currency": "USD", "firstTradeDateMilliseconds": 696868200000, "priceHint": 2, "totalCash": 48300000.0, "floatShares": 40850102, "ebitda": 638600000, "shortRatio": 2.49, "targetPriceHigh": 195.0, "targetPriceLow": 160.0, "targetPriceMean": 174.0, "targetPriceMedian": 170.5, "heldPercentInsiders": 28.347, "heldPercentInstitutions": 66.322, "postMarketChangePercent": 0.0, "postMarketTime": 1603916403, "postMarketPrice": 155.43, "postMarketChange": 0.0, "regularMarketChange": 0.23999023, "regularMarketChangePercent": 0.15464284, "regularMarketTime": 1603915201, "regularMarketPrice": 155.43, "regularMarketDayHigh": 156.985, "regularMarketDayRange": "150.94 - 156.985", "regularMarketDayLow": 150.94, "regularMarketVolume": 324800, "sharesShort": 904888, "sharesShortPrevMonth": 750296, "shortPercentFloat": 2.23, "regularMarketPreviousClose": 155.19, "bid": 0.0, "ask": 176.1, "bidSize": 12, "askSize": 8, "exchange": "NYQ", "market": "us_market", "messageBoardId": "finmb_322121", "fullExchangeName": "NYSE", "shortName": "Scotts Miracle-Gro Company (The", "longName": "The Scotts Miracle-Gro Company", "regularMarketOpen": 152.05, "averageDailyVolume3Month": 371450, "averageDailyVolume10Day": 280050, "beta": 1.061776, "fiftyTwoWeekLowChange": 78.92999, "fiftyTwoWeekLowChangePercent": 1.0317646, "fiftyTwoWeekRange": "76.5 - 176.08", "fiftyTwoWeekHighChange": -20.65001, "fiftyTwoWeekHighChangePercent": -0.11727629, "fiftyTwoWeekLow": 76.5, "fiftyTwoWeekHigh": 176.08, "dividendDate": 1599696000, "exDividendDate": 1598400000, "earningsTimestamp": 1604496600, "earningsTimestampStart": 1604496600, "earningsTimestampEnd": 1604496600, "trailingAnnualDividendRate": 2.32, "trailingPE": 27.054829, "pegRatio": 2.16, "dividendsPerShare": 2.32, "dividendRate": 2.48, "trailingAnnualDividendYield": 0.014949416, "dividendYield": 1.6, "revenue": 3739000060.0, "priceToSales": 2.3183055, "marketState": "REGULAR", "epsTrailingTwelveMonths": 5.745, "epsForward": 7.69, "epsCurrentYear": 7.2, "epsNextQuarter": -1.1, "priceEpsCurrentYear": 21.5875, "priceEpsNextQuarter": -141.29999, "sharesOutstanding": 55768800, "bookValue": 17.894, "fiftyDayAverage": 156.5411, "fiftyDayAverageChange": -1.1111145, "fiftyDayAverageChangePercent": -0.0070979088, "twoHundredDayAverage": 146.23172, "twoHundredDayAverageChange": 9.198273, "twoHundredDayAverageChangePercent": 0.06290203, "marketCap": 8668144640, "forwardPE": 20.211962, "priceToBook": 8.6861515, "sourceInterval": 15, "exchangeDataDelayedBy": 0, "exchangeTimezoneName": "America/New_York", "exchangeTimezoneShortName": "EDT", "pageViews": {"midTermTrend": "UP", "longTermTrend": "UP", "shortTermTrend": "UP"}, "gmtOffSetMilliseconds": -14400000, "esgPopulated": false, "tradeable": false, "symbol": "SMG"}, {"language": "en-US", "region": "US", "quoteType": "EQUITY", "quoteSourceName": "Nasdaq Real Time Price", "triggerable": true, "quoteSummary": {"earnings": {"maxAge": 86400, "earningsChart": {"quarterly": [{"date": "4Q2019", "actual": 0.09, "estimate": 0.07}, {"date": "1Q2020", "actual": 0.13, "estimate": 0.23}, {"date": "2Q2020", "actual": 0.57, "estimate": 0.4}, {"date": "3Q2020", "actual": 0.97, "estimate": 0.48}], "currentQuarterEstimate": 0.66, "currentQuarterEstimateDate": "4Q", "currentQuarterEstimateYear": 2020, "earningsDate": [1606953600, 1607299200]}, "financialsChart": {"yearly": [{"date": 2017, "revenue": 903188000, "earnings": 127854000}, {"date": 2018, "revenue": 606850000, "earnings": 20128000}, {"date": 2019, "revenue": 638277000, "earnings": 18410000}, {"date": 2020, "revenue": 678390000, "earnings": -61230000}], "quarterly": [{"date": "4Q2019", "revenue": 154388000, "earnings": 1293000}, {"date": "1Q2020", "revenue": 166695000, "earnings": 5731000}, {"date": "2Q2020", "revenue": 233637000, "earnings": -66146000}, {"date": "3Q2020", "revenue": 277965000, "earnings": 48385000}]}, "financialCurrency": "USD"}}, "currency": "USD", "firstTradeDateMilliseconds": 934896600000, "priceHint": 2, "totalCash": 65271000.0, "floatShares": 50831966, "ebitda": 169664992, "shortRatio": 3.22, "preMarketChange": 0.5400009, "preMarketChangePercent": 3.0910184, "preMarketTime": 1603978189, "targetPriceHigh": 27.0, "targetPriceLow": 20.0, "targetPriceMean": 23.2, "targetPriceMedian": 23.0, "preMarketPrice": 18.01, "regularMarketChange": 0.71990013, "regularMarketChangePercent": 4.1207795, "regularMarketTime": 1603978200, "regularMarketPrice": 18.1899, "regularMarketDayHigh": 18.1899, "regularMarketDayRange": "18.03 - 18.1899", "regularMarketDayLow": 18.03, "regularMarketVolume": 159781, "sharesShort": 6649467, "sharesShortPrevMonth": 5689829, "shortPercentFloat": 12.02, "regularMarketPreviousClose": 17.47, "bid": 17.69, "ask": 17.75, "bidSize": 22, "askSize": 8, "exchange": "NMS", "market": "us_market", "messageBoardId": "finmb_414079", "fullExchangeName": "NasdaqGS", "shortName": "Smith & Wesson Brands, Inc.", "longName": "Smith & Wesson Brands, Inc.", "regularMarketOpen": 16.64, "averageDailyVolume3Month": 2676736, "averageDailyVolume10Day": 1974012, "beta": 0.804191, "fiftyTwoWeekLowChange": 13.94701, "fiftyTwoWeekLowChangePercent": 3.2871487, "fiftyTwoWeekRange": "4.24289 - 22.4", "fiftyTwoWeekHighChange": -4.2101, "fiftyTwoWeekHighChangePercent": -0.18795091, "fiftyTwoWeekLow": 4.24289, "fiftyTwoWeekHigh": 22.4, "dividendDate": 1601510400, "exDividendDate": 1600214400, "earningsTimestamp": 1599149105, "earningsTimestampStart": 1606993140, "earningsTimestampEnd": 1607342400, "pegRatio": 0.45, "dividendsPerShare": 0.0, "dividendRate": 0.2, "dividendYield": 1.14, "revenue": 832689980.0, "priceToSales": 1.2211976, "marketState": "REGULAR", "epsCurrentYear": 2.42, "epsNextQuarter": 0.46, "priceEpsCurrentYear": 7.516487, "priceEpsNextQuarter": 39.54326, "sharesOutstanding": 55903500, "fiftyDayAverage": 16.4075, "fiftyDayAverageChange": 1.7824001, "fiftyDayAverageChangePercent": 0.10863326, "twoHundredDayAverage": 14.346757, "twoHundredDayAverageChange": 3.8431425, "twoHundredDayAverageChangePercent": 0.26787534, "marketCap": 1016879040, "sourceInterval": 15, "exchangeDataDelayedBy": 0, "exchangeTimezoneName": "America/New_York", "exchangeTimezoneShortName": "EDT", "pageViews": {"midTermTrend": "UP", "longTermTrend": "NONE", "shortTermTrend": "DOWN"}, "gmtOffSetMilliseconds": -14400000, "esgPopulated": false, "tradeable": false, "symbol": "SWBI"}, {"language": "en-US", "region": "US", "quoteType": "EQUITY", "quoteSourceName": "Nasdaq Real Time Price", "triggerable": true, "quoteSummary": {"earnings": {"maxAge": 86400, "earningsChart": {"quarterly": [{"date": "4Q2019", "actual": 2.67, "estimate": 2.65}, {"date": "1Q2020", "actual": -2.57, "estimate": -3.47}, {"date": "2Q2020", "actual": -9.31, "estimate": -9.02}, {"date": "3Q2020", "actual": -8.16, "estimate": -7.53}], "currentQuarterEstimate": -6.37, "currentQuarterEstimateDate": "4Q", "currentQuarterEstimateYear": 2020, "earningsDate": [1611014400, 1611532800]}, "financialsChart": {"yearly": [{"date": 2016, "revenue": 36558000000, "earnings": 2234000000}, {"date": 2017, "revenue": 37784000000, "earnings": 2143000000}, {"date": 2018, "revenue": 41303000000, "earnings": 2122000000}, {"date": 2019, "revenue": 43259000000, "earnings": 3009000000}], "quarterly": [{"date": "4Q2019", "revenue": 10888000000, "earnings": 641000000}, {"date": "1Q2020", "revenue": 7979000000, "earnings": -1704000000}, {"date": "2Q2020", "revenue": 1475000000, "earnings": -1627000000}, {"date": "3Q2020", "revenue": 2489000000, "earnings": -1841000000}]}, "financialCurrency": "USD"}}, "components": ["^NQDMXJPLMAUD", "^NQUSBLM", "^NQG5700LMCADN", "^NQDM5700LMJPYN", "^NQDM5000LMGBPN", "^NQDM5700LM", "^NQDM5700LMEURN", "^NQUSB5000LM", "^NQNALMEURN", "^NQUSBLMCAD", "^NQUSB5751LMGBP", "^NQDMXKRJPYN", "^NQDMXKRLMAUDN", "^NQG5700LMGBP", "^NQNA5000LMAUDN", "^NQUSB5751LMAUDN", "^NQDM5700LMN", "^NQDMXJPLMAUDN", "^NQDMXKRLMAUD", "^NQUSBLMJPY", "^NQUSB5000LMGBPN", "^NQDM5000LM", "^NQDM5000LMGBP", "^NQGXGBLMN", "^NQUS500LCVN", "^NQDMXKRLCJPY", "^NQUSB5700LMEUR", "^NQG5000LMEUR", "^NQUSB5751LMCADN", "^NQDXUSLCEUR", "^NQG5000LMCAD", "^NQNA5000LMAUD", "^NQDM5000LMN", "^NQDMXKRAUD", "^NQDMXKRLMGBPN", "^NQDXUSMLTCVN", "^NQGXGBLMGBPN", "^NQNA5000LMCADN", "^NQGXJPLMJPYN", "^NQNALMCADN", "^NQUSBLMEUR", "^NQNALMJPY", "^NQG5700LMAUD", "^NQUSB5751LM", "^NQG5000LMJPY", "^NQGXGBLMJPY", "^NQUSB5700LMN", "^NQGXJPLMJPY", "^NQDMXKR", "^NQDMXGBLMCADN", "^NQDM5700LMJPY", "^NQUSB5700LMCAD", "^NQFFUSVN", "^NQUSB5751LMAUD", "^NQDMXKRLCN", "^NQGXGBLMEURN", "^NQGXJPLMCAD", "^NQUSB5000LMGBP", "^NQGXJPLMEUR", "^DWARJFMU", "^NQNA5700LMEURN", "^NQDMXJPLMGBPN", "^NQUSLV", "^NQDMXJPLMN", "^NQNA5000LMJPY", "^NQDMXKRLCJPYN", "^NQDMXKRLMCADN", "^NQNA5000LMGBPN", "^NQDMXKRLCEUR", "^NQUSB5700LMGBP", "^NQDXUSLC", "^NQGXGBLMJPYN", "^NQNA5700LM", "^NQUSBLMEURN", "^NQDMXKRJPY", "^NQDMXKRLCCAD", "^NQDMXKRLCEURN", "^NQGXJPLMGBPN", "^NQNALM", "^NQUS500LC", "^NQDMXGBLMJPY", "^NQUSMLTCV", "^NQNALMAUD", "^NQG5700LMN", "^NQDXUSLCN", "^NQNA5700LMJPYN", "^NQG5000LMEURN", "^NQGXGBLMAUD", "^NQDM5700LMAUD", "^NQDXUSLCV", "^NQUSBLMN", "^NQDMXJPLMGBP", "^NQSSTR", "^NQUSB5000LMAUD", "^NQG5000LMJPYN", "^NQDMXKRLMEUR", "^NQUSB5000LMEURN", "^NQDM5700LMGBPN", "^NQNALMAUDN", "^NQDM5000LMCAD", "^NQDMXKRLMCAD", "^NQDMXGBLM", "^NQDMXGBLMJPYN", "^NQNA5700LMGBP", "^NQSSTRN", "^NQDM5000LMEUR", "^NQDM5000LMJPYN", "^NQDMXKRLMJPY", "^NQG5700LMAUDN", "^NQG5000LM", "^NQUSBLMJPYN", "^NQUSB5751LMGBPN", "^NQDMXGBLMCAD", "^NQUSB5000LMJPYN", "^NQDMXGBLMEURN", "^NQDMXKRGBPN", "^NQBUY", "^NQDMXGBLMEUR", "^NQDM5000LMEURN", "^NQDMXKRAUDN", "^NQDMXKRLMJPYN", "^NQUSBLMCADN", "^NQDMXGBLMN", "^NQNALMGBPN", "^NQGXGBLMCADN", "^NQG5700LM", "^NQUSB5751LMEUR", "^NQDMXKRLCCADN", "^NQUSB5751LMCAD", "^NQGXJPLMCADN", "^NQUSB5700LMGBPN", "^NQDM5700LMAUDN", "^NQG5700LMJPY", "^NQGXJPLM", "^NQUSB5751LMJPY", "^NQUSB5000LMN", "^NQUSB5751LMN", "^NQUSBLMGBP", "^NQNA5700LMAUD", "^NQNALMN", "^NQG5000LMCADN", "^NQUSB5751LMJPYN", "^NQUSB5700LMAUDN", "^NQNA5700LMCADN", "^NQDM5000LMJPY", "^NQGXJPLMAUDN", "^NQUSLVN", "^NQUSB5000LMCADN", "^DRBNNR", "^NQDMXKRLCGBP", "^NQDMXKRLM", "^NQDMXKRLC", "^NQNALMGBP", "^NQNA5700LMAUDN", "^NQUSB5700LMAUD", "^NQDMXJPLMJPYN", "^NQGXGBLM", "^NQNA5000LMCAD", "^DJT", "^NQG5700LMGBPN", "^NQDMXKRN", "^NQNA5000LMEUR", "^NQUSMLTCVN", "^NQCRDN", "^NQDM5000LMCADN", "^NQDMXJPLMEURN", "^NQDMXJPLM", "^NQG5000LMN", "^NQDMXKREUR", "^NQGXJPLMGBP", "^NQDMXKRLMEURN", "^NQUSBLMAUD", "^NQDM5700LMGBP", "^NQG5000LMGBP", "^NQGXGBLMGBP", "^NQDMXKRCAD", "^NQG5700LMEUR", "^DJA", "^NQG5700LMCAD", "^NQDXUSMLTCV", "^NQNAAT", "^DRBSN", "^NQDXUSLCEURN", "^NQUSB5000LMJPY", "^NQG5000LMGBPN", "^NQDMXKRLCAUD", "^NQNALMCAD", "^NQNA5000LMGBP", "^NQG5700LMEURN", "^NQNA5000LM", "^NQGXJPLMEURN", "^NQUSB5700LMCADN", "^NQUSB5700LMJPY", "^NQDXUSLCGBP", "^NQGXJPLMN", "^NQNALMEUR", "^NQNA5700LMN", "^NQDM5700LMCADN", "^NQG5700LMJPYN", "^NQGXGBLMEUR", "^NQDMXKRGBP", "^NQUSB5000LMAUDN", "^NQDM5700LMCAD", "^NQDMXGBLMGBPN", "^NQCRD", "^NQDMXKRCADN", "^NQGXGBLMCAD", "^NQDMXGBLMGBP", "^NQDMXKRLCAUDN", "^NQDM5700LMEUR", "^NQDXUSLCGBPN", "^NQG5000LMAUD", "^NQUSB5000LMCAD", "^NQUSB5000LMEUR", "^NQUSBLMGBPN", "^NQDMXKRLMN", "^NQGXJPLMAUD", "^NQFFUSV", "^NQDMXGBLMAUDN", "^NQDMXJPLMJPY", "^NQUSB5751LMEURN", "^NQDMXKRLCGBPN", "^NQNA5000LMJPYN", "^NQDM5000LMAUDN", "^NQUSB5700LM", "^NQDMXKREURN", "^NQNALMJPYN", "^NQG5000LMAUDN", "^NQNA5700LMCAD", "^NQDMXJPLMCADN", "^NQNA5000LMEURN", "^NQNA5700LMEUR", "^NQDMXGBLMAUD", "^NQUSB5700LMJPYN", "^NQNA5000LMN", "^NQUSBLMAUDN", "^NQNA5700LMJPY", "^NQDMXJPLMCAD", "^DRBGN", "^DRBS", "^NQDMXJPLMEUR", "^NQUSB5700LMEURN", "^DRBN", "^NQDMXKRLMGBP", "^NQDXUSLCVN", "^NQGXGBLMAUDN", "^NQNA5700LMGBPN", "^NQUS500LCN", "^NQDM5000LMAUD", "^DRBG", "^NQUS500LCV"], "currency": "USD", "firstTradeDateMilliseconds": 1139236200000, "priceHint": 2, "totalCash": 13701999600.0, "floatShares": 289963775, "ebitda": -3292000000, "shortRatio": 0.77, "preMarketChange": 0.0, "preMarketChangePercent": 0.0, "preMarketTime": 1603978199, "targetPriceHigh": 60.0, "targetPriceLow": 32.0, "targetPriceMean": 42.18, "targetPriceMedian": 40.0, "preMarketPrice": 32.6, "heldPercentInsiders": 0.36, "heldPercentInstitutions": 85.486, "postMarketChangePercent": 0.7668712, "postMarketTime": 1603929420, "postMarketPrice": 32.85, "postMarketChange": 0.25, "regularMarketChange": -1.5699997, "regularMarketChangePercent": -4.594673, "regularMarketTime": 1603915201, "regularMarketPrice": 32.6, "regularMarketDayHigh": 33.66, "regularMarketDayRange": "32.16 - 33.66", "regularMarketDayLow": 32.16, "regularMarketVolume": 155303, "sharesShort": 19428485, "sharesShortPrevMonth": 20223914, "shortPercentFloat": 7.69, "regularMarketPreviousClose": 34.17, "bid": 32.71, "ask": 32.8, "bidSize": 14, "askSize": 9, "exchange": "NMS", "market": "us_market", "messageBoardId": "finmb_309845", "fullExchangeName": "NasdaqGS", "shortName": "United Airlines Holdings, Inc.", "longName": "United Airlines Holdings, Inc.", "regularMarketOpen": 33.11, "averageDailyVolume3Month": 29188389, "averageDailyVolume10Day": 22807250, "beta": 1.499724, "fiftyTwoWeekLowChange": 14.799999, "fiftyTwoWeekLowChangePercent": 0.83146065, "fiftyTwoWeekRange": "17.8 - 95.16", "fiftyTwoWeekHighChange": -62.560005, "fiftyTwoWeekHighChangePercent": -0.6574191, "fiftyTwoWeekLow": 17.8, "fiftyTwoWeekHigh": 95.16, "dividendDate": 1201046400, "exDividendDate": 1199664000, "earningsTimestamp": 1602692107, "earningsTimestampStart": 1611053940, "earningsTimestampEnd": 1611576000, "pegRatio": 0.06, "dividendsPerShare": 0.0, "revenue": 22830999600.0, "priceToSales": 0.41549256, "marketState": "REGULAR", "epsTrailingTwelveMonths": -16.896, "epsForward": -4.02, "epsCurrentYear": -26.55, "epsNextQuarter": -4.08, "priceEpsCurrentYear": -1.2278719, "priceEpsNextQuarter": -7.9901958, "sharesOutstanding": 290984992, "bookValue": 24.066, "fiftyDayAverage": 35.602222, "fiftyDayAverageChange": -3.002224, "fiftyDayAverageChangePercent": -0.08432687, "twoHundredDayAverage": 33.117786, "twoHundredDayAverageChange": -0.51778793, "twoHundredDayAverageChangePercent": -0.015634738, "marketCap": 9486110720, "forwardPE": -8.109452, "priceToBook": 1.354608, "sourceInterval": 15, "exchangeDataDelayedBy": 0, "exchangeTimezoneName": "America/New_York", "exchangeTimezoneShortName": "EDT", "pageViews": {"midTermTrend": "UP", "longTermTrend": "UP", "shortTermTrend": "UP"}, "gmtOffSetMilliseconds": -14400000, "esgPopulated": false, "tradeable": false, "symbol": "UAL"}, {"language": "en-US", "region": "US", "quoteType": "EQUITY", "quoteSourceName": "Delayed Quote", "triggerable": true, "quoteSummary": {"earnings": {"maxAge": 86400, "earningsChart": {"quarterly": [{"date": "4Q2019", "actual": 1.23, "estimate": 1.21}, {"date": "1Q2020", "actual": 0.1, "estimate": 0.14}, {"date": "2Q2020", "actual": -0.57, "estimate": -0.67}, {"date": "3Q2020", "actual": 0.67, "estimate": 0.49}], "currentQuarterEstimate": 0.89, "currentQuarterEstimateDate": "4Q", "currentQuarterEstimateYear": 2020, "earningsDate": [1611187200, 1611532800]}, "financialsChart": {"yearly": [{"date": 2017, "revenue": 8394684000, "earnings": 614923000}, {"date": 2018, "revenue": 11492383000, "earnings": 658553000}, {"date": 2019, "revenue": 10266887000, "earnings": 1259792000}, {"date": 2020, "revenue": 10488556000, "earnings": 679449000}], "quarterly": [{"date": "4Q2019", "revenue": 3384746000, "earnings": 465003000}, {"date": "1Q2020", "revenue": 1439063000, "earnings": -483776000}, {"date": "2Q2020", "revenue": 1076293000, "earnings": -285613000}, {"date": "3Q2020", "revenue": 2608324000, "earnings": 256722000}]}, "financialCurrency": "USD"}}, "components": ["^NQDMXJPLMAUD", "^NQNA3700LMGBPN", "^NQUSBLM", "^NQNA3000LMJPY", "^NQSHYL", "^NQUSB3000LMJPY", "^NQUSB3700LMGBP", "^NQDM3000LM", "^NQNALMEURN", "^NQUSBLMCAD", "^NQDM3700LMEUR", "^NQDMXKRJPYN", "^NQDMXKRLMAUDN", "^NQDM3700LMCAD", "^NQUSB3763LM", "^NQUSB3000LMEUR", "^NQUSB3000LMCAD", "^NQDMXJPLMAUDN", "^NQDMXKRLMAUD", "^NQFFUSHYN", "^NQUSBLMJPY", "^NQUSHEIN", "^NQUSB3760LMAUD", "^NQGXGBLMN", "^NQVDIV", "^NQUS500LCVN", "^NQDMXKRLCJPY", "^NQDXUSLCEUR", "^NQG3000LMEUR", "^NQUSB3763LMCADN", "^NQDM3000LMCADN", "^NQG3700LMJPYN", "^NQG3700LMEURN", "^NQUSB3000LMGBPN", "^NQDMXKRAUD", "^NQG3000LMGBPN", "^NQUSB3760LMEURN", "^NQDMXKRLMGBPN", "^NQDXUSMLTCVN", "^NQGXGBLMGBPN", "^NQDM3000LMAUD", "^NQGXJPLMJPYN", "^NQNALMCADN", "^NQUSBLMEUR", "^NQNALMJPY", "^NQNA3000LMCADN", "^NQUSB3760LMJPYN", "^NQUSHEI", "^DAA", "^NQGXGBLMJPY", "^NQNA3700LMGBP", "^NQGXJPLMJPY", "^NQDM3700LM", "^NQDMXKR", "^NQDMXGBLMCADN", "^NQUSHEIEURN", "^NQDMXKRLCN", "^NQGXGBLMEURN", "^NQGXJPLMCAD", "^NQGXJPLMEUR", "^NQG3000LMAUDN", "^NQDMXJPLMGBPN", "^NQUSLV", "^NQDMXJPLMN", "^NQDMXKRLCJPYN", "^NQDMXKRLMCADN", "^NQDMXKRLCEUR", "^NQDXUSLC", "^NQGXGBLMJPYN", "^NQG3000LMJPY", "^NQUSBLMEURN", "^NQDM3000LMGBPN", "^NQDMXKRJPY", "^NQDMXKRLCCAD", "^NQDMXKRLCEURN", "^NQDM3000LMJPY", "^NQUSHEIGBPN", "^NQGXJPLMGBPN", "^NQUSB3000LMCADN", "^NQNA3000LM", "^NQNA3700LMAUDN", "^NQNALM", "^NQUS500LC", "^NQUSB3700LM", "^NQUSB3763LMEUR", "^NQUSB3763LMN", "^NQG3700LMGBP", "^NQDMXGBLMJPY", "^NQUSMLTCV", "^NQUSB3760LMGBPN", "^NQNALMAUD", "^NQDXUSLCN", "^NQGXGBLMAUD", "^NQUSB3763LMGBPN", "^NQG3000LMCAD", "^NQVDIVN", "^NQDXUSLCV", "^NQUSBLMN", "^NQDMXJPLMGBP", "^NQDMXKRLMEUR", "^NQUSB3700LMCAD", "^NQUSB3700LMJPYN", "^NQNALMAUDN", "^NQUSB3700LMEUR", "^NQUSB3763LMCAD", "^NQUSB3700LMEURN", "^NQFFUSHY", "^NQDMXKRLMCAD", "^NQDMXGBLM", "^NQDM3700LMEURN", "^NQG3700LMAUD", "^NQSHYLN", "^NQUSB3763LMAUDN", "^NQDMXGBLMJPYN", "^NQG3000LMCADN", "^NQUSB3760LMGBP", "^NQNA3000LMEURN", "^NQDMXKRLMJPY", "^NQUSB3000LMAUDN", "^NQUSBLMJPYN", "^NQDM3700LMJPYN", "^NQUSB3763LMJPY", "^NQDM3700LMGBP", "^NQNA3000LMAUD", "^NQNA3000LMJPYN", "^NQDMXGBLMCAD", "^NQDMXGBLMEURN", "^NQDMXKRGBPN", "^NQDMXGBLMEUR", "^NQDM3000LMAUDN", "^NQG3700LMGBPN", "^NQDMXKRAUDN", "^NQDMXKRLMJPYN", "^NQUSBLMCADN", "^NQNA3000LMGBP", "^NQDMXGBLMN", "^NQDM3000LMN", "^NQG3000LM", "^NQUSB3000LMJPYN", "^NQNALMGBPN", "^NQGXGBLMCADN", "^NQDMXKRLCCADN", "^NQGXJPLMCADN", "^NQUSB3760LMEUR", "^NQUSB3760LMCAD", "^NQUSHEIGBP", "^NQUSB3000LMGBP", "^NQUSB3700LMJPY", "^NQGXJPLM", "^NQUSB3000LMEURN", "^NQG3700LM", "^NQUSB3700LMN", "^NQUSBLMGBP", "^NQNALMN", "^NQDM3700LMAUD", "^NQNA3000LMGBPN", "^NQNA3700LMCAD", "^NQGXJPLMAUDN", "^NQUSB3000LMAUD", "^NQUSLVN", "^NQNA3700LMEUR", "^NQDMXKRLCGBP", "^NQDMXKRLM", "^NQDMXKRLC", "^NQG3000LMAUD", "^NQNALMGBP", "^NQDMXJPLMJPYN", "^NQGXGBLM", "^NQUSB3700LMCADN", "^NQDMXKRN", "^NQDM3700LMN", "^NQUSMLTCVN", "^NQUSB3760LM", "^NQDMXJPLMEURN", "^NQG3700LMN", "^NQDMXJPLM", "^NQDM3700LMCADN", "^NQDMXKREUR", "^NQGXJPLMGBP", "^NQNA3700LMCADN", "^NQDMXKRLMEURN", "^NQUSBLMAUD", "^NQGXGBLMGBP", "^NQUSB3760LMAUDN", "^NQDM3000LMEUR", "^NQDMXKRCAD", "^NQNA3700LMJPY", "^NQG3000LMEURN", "^NQDM3000LMCAD", "^DAAXMLPREIT", "^NQDXUSMLTCV", "^NQDXUSLCEURN", "^NQNA3000LMAUDN", "^NQDMXKRLCAUD", "^NQNALMCAD", "^NQG3000LMGBP", "^NQUSB3760LMN", "^NQUSB3700LMGBPN", "^NQGXJPLMEURN", "^NQDXUSLCGBP", "^NQG3000LMJPYN", "^NQUSB3000LMN", "^NQGXJPLMN", "^NQNALMEUR", "^NQGXGBLMEUR", "^NQDMXKRGBP", "^NQDM3000LMGBP", "^NQDMXGBLMGBPN", "^NQG3700LMJPY", "^NQDMXKRCADN", "^NQG3700LMAUDN", "^NQGXGBLMCAD", "^NQDMXGBLMGBP", "^NQDMXKRLCAUDN", "^NQDXUSLCGBPN", "^NQNA3000LMN", "^NQDM3700LMGBPN", "^NQUSBLMGBPN", "^NQNA3700LMAUD", "^NQDMXKRLMN", "^NQGXJPLMAUD", "^NQUSB3000LM", "^NQUSB3763LMAUD", "^NQDMXGBLMAUDN", "^NQNA3700LMJPYN", "^NQUSHEIEUR", "^NQDMXJPLMJPY", "^NQDMXKRLCGBPN", "^NQUSB3763LMJPYN", "^NQDM3000LMEURN", "^NQNA3700LM", "^NQDMXKREURN", "^NQNA3000LMCAD", "^NQNALMJPYN", "^NQDM3700LMAUDN", "^NQNA3000LMEUR", "^NQUSB3763LMEURN", "^NQG3700LMCADN", "^NQDMXJPLMCADN", "^NQUSB3760LMCADN", "^NQUSB3700LMAUD", "^NQG3000LMN", "^NQDM3000LMJPYN", "^NQDMXGBLMAUD", "^NQUSBLMAUDN", "^NQUSB3763LMGBP", "^NQUSB3760LMJPY", "^NQNA3700LMN", "^NQDMXJPLMCAD", "^NQUSB3700LMAUDN", "^NQDMXJPLMEUR", "^NQDMXKRLMGBP", "^NQDXUSLCVN", "^NQGXGBLMAUDN", "^NQDM3700LMJPY", "^NQG3700LMEUR", "^NQNA3700LMEURN", "^NQUS500LCN", "^NQG3700LMCAD", "^NQUS500LCV"], "currency": "USD", "firstTradeDateMilliseconds": 322151400000, "priceHint": 2, "totalCash": 2677398020.0, "floatShares": 360159909, "ebitda": 978963008, "shortRatio": 3.83, "preMarketChange": -0.40000153, "preMarketChangePercent": -0.584712, "preMarketTime": 1603978198, "targetPriceHigh": 105.0, "targetPriceLow": 60.0, "targetPriceMean": 79.75, "targetPriceMedian": 80.5, "preMarketPrice": 68.01, "heldPercentInsiders": 7.309, "heldPercentInstitutions": 81.285, "postMarketChangePercent": 0.0, "postMarketTime": 1603919371, "postMarketPrice": 68.39, "postMarketChange": 0.0, "regularMarketChange": -3.9899979, "regularMarketChangePercent": -5.51257, "regularMarketTime": 1603915201, "regularMarketPrice": 68.39, "regularMarketDayHigh": 71.625, "regularMarketDayRange": "68.21 - 71.625", "regularMarketDayLow": 68.21, "regularMarketVolume": 2535442, "sharesShort": 8379485, "sharesShortPrevMonth": 9614167, "shortPercentFloat": 2.4, "regularMarketPreviousClose": 72.38, "bid": 67.03, "ask": 71.99, "bidSize": 8, "askSize": 11, "exchange": "NYQ", "market": "us_market", "messageBoardId": "finmb_191328", "fullExchangeName": "NYSE", "shortName": "V.F. Corporation", "longName": "V.F. Corporation", "regularMarketOpen": 71.1, "averageDailyVolume3Month": 2196541, "averageDailyVolume10Day": 2440412, "beta": 0.973992, "fiftyTwoWeekLowChange": 23.32, "fiftyTwoWeekLowChangePercent": 0.5174174, "fiftyTwoWeekRange": "45.07 - 100.25", "fiftyTwoWeekHighChange": -31.86, "fiftyTwoWeekHighChangePercent": -0.3178055, "fiftyTwoWeekLow": 45.07, "fiftyTwoWeekHigh": 100.25, "dividendDate": 1600646400, "exDividendDate": 1607472000, "earningsTimestamp": 1602831300, "earningsTimestampStart": 1611235800, "earningsTimestampEnd": 1611581400, "trailingAnnualDividendRate": 1.92, "pegRatio": 6.61, "dividendsPerShare": 1.92, "dividendRate": 1.96, "trailingAnnualDividendYield": 0.026526665, "dividendYield": 2.71, "revenue": 8942761000.0, "priceToSales": 2.979851, "marketState": "REGULAR", "epsTrailingTwelveMonths": -0.129, "epsForward": 2.79, "epsCurrentYear": 1.32, "epsNextQuarter": 0.33, "priceEpsCurrentYear": 51.810604, "priceEpsNextQuarter": 207.24242, "sharesOutstanding": 389648992, "bookValue": 7.567, "fiftyDayAverage": 72.976944, "fiftyDayAverageChange": -4.5869446, "fiftyDayAverageChangePercent": -0.06285471, "twoHundredDayAverage": 63.709858, "twoHundredDayAverageChange": 4.6801414, "twoHundredDayAverageChangePercent": 0.073460236, "marketCap": 26648094720, "forwardPE": 24.512545, "priceToBook": 9.037928, "sourceInterval": 15, "exchangeDataDelayedBy": 0, "exchangeTimezoneName": "America/New_York", "exchangeTimezoneShortName": "EDT", "pageViews": {"midTermTrend": "UP", "longTermTrend": "UP", "shortTermTrend": "DOWN"}, "gmtOffSetMilliseconds": -14400000, "esgPopulated": false, "tradeable": false, "symbol": "VFC"}, {"language": "en-US", "region": "US", "quoteType": "EQUITY", "quoteSourceName": "Nasdaq Real Time Price", "triggerable": true, "quoteSummary": {"earnings": {"maxAge": 86400, "earningsChart": {"quarterly": [{"date": "4Q2019", "actual": 1.16, "estimate": 1.09}, {"date": "1Q2020", "actual": 1.38, "estimate": 1.43}, {"date": "2Q2020", "actual": 1.18, "estimate": 1.12}, {"date": "3Q2020", "actual": 1.56, "estimate": 1.25}], "currentQuarterEstimate": 1.18, "currentQuarterEstimateDate": "4Q", "currentQuarterEstimateYear": 2020, "earningsDate": [1605571200]}, "financialsChart": {"yearly": [{"date": 2017, "revenue": 485873000000, "earnings": 13643000000}, {"date": 2018, "revenue": 500343000000, "earnings": 9862000000}, {"date": 2019, "revenue": 514405000000, "earnings": 6670000000}, {"date": 2020, "revenue": 523964000000, "earnings": 14881000000}], "quarterly": [{"date": "4Q2019", "revenue": 127991000000, "earnings": 3288000000}, {"date": "1Q2020", "revenue": 141671000000, "earnings": 4141000000}, {"date": "2Q2020", "revenue": 134622000000, "earnings": 3990000000}, {"date": "3Q2020", "revenue": 137742000000, "earnings": 6476000000}]}, "financialCurrency": "USD"}}, "components": ["^NQDMXJPLMAUD", "^NQDMXKRAUDN", "^NQDMXKRLMJPYN", "^NQDMXGBLMN", "^NQG5300LMCADN", "^NQGXGBLMCADN", "^NQDM5000LMGBPN", "^NQDMXKRLCCADN", "^NQGXJPLMCADN", "^NQDM5300LMAUDN", "^NQGXJPLM", "^NQDMXKRJPYN", "^NQG5300LM", "^NQDMXKRLMAUDN", "^NQG5300LMJPY", "^NQDM5300LMEURN", "^NQDMXJPLMAUDN", "^NQDMXKRLMAUD", "^NQFFUSHYN", "^NQG5000LMCADN", "^NQG5300LMGBP", "^NQDM5300LMJPYN", "^NQDM5000LM", "^NQDM5000LMGBP", "^NQGXGBLMN", "^NQDM5000LMJPY", "^NQDMXKRLCJPY", "^NQG5000LMEUR", "^NQFFUSLV", "^NQG5300LMCAD", "^NQGXJPLMAUDN", "^NQDXUSLCEUR", "^NQG5000LMCAD", "^NQCAPST", "^DJI", "^NQDMXKRLCGBP", "^NQDMXKRLM", "^NQDM5000LMN", "^NQDMXKRLC", "^NQDMXJPLMJPYN", "^NQGXGBLM", "^NQDMXKRAUD", "^NQDMXKRLMGBPN", "^NQDXUSMLTCVN", "^NQGXGBLMGBPN", "^NQDMXKRN", "^NQDM5000LMCADN", "^NQDMXJPLMEURN", "^NQG5300LMN", "^NQFFUSLVN", "^DAA", "^NQDMXJPLM", "^NQG5000LMN", "^NQG5300LMAUD", "^NQDMXKREUR", "^NQG5000LMJPY", "^NQGXGBLMJPY", "^NQGXJPLMGBP", "^NQDMXKRLMEURN", "^NQG5000LMGBP", "^NQGXGBLMGBP", "^NQDMXKRCAD", "^DJA", "^NQGXJPLMJPY", "^DAAXMLPREIT", "^NQG5300LMEUR", "^NQDM5300LMGBP", "^NQDMXKR", "^NQDXUSMLTCV", "^NQDMXGBLMCADN", "^NQDXUSLCEURN", "^NQFFUSVN", "^NQDM5300LMJPY", "^NQDMXKRLCN", "^NQGXGBLMEURN", "^NQG5000LMGBPN", "^NQGXJPLMCAD", "^NQDMXKRLCAUD", "^NQDXUSMEGAN", "^NQGXJPLMEUR", "^NQDMXJPLMGBPN", "^NQG5300LMJPYN", "^NQDMXJPLMN", "^NQDMXKRLCJPYN", "^NQDMXKRLMCADN", "^NQGXJPLMEURN", "^NQDMXKRLCEUR", "^NQDXUSLC", "^NQGXGBLMJPYN", "^NQDXUSLCGBP", "^NQG5300LMEURN", "^NQDMXKRJPY", "^NQDMXKRLCCAD", "^NQDMXKRLCEURN", "^NQDM5300LMN", "^NQGXGBLMEUR", "^NQDMXKRGBP", "^NQGXJPLMGBPN", "^NQDM5300LMCAD", "^NQDMXGBLMGBPN", "^NQDM5300LMCADN", "^NQDM5300LMEUR", "^NQDMXGBLMJPY", "^NQDMXKRCADN", "^NQGXGBLMCAD", "^NQDMXGBLMGBP", "^NQDMXKRLCAUDN", "^NQDXUSLCGBPN", "^NQG5000LMAUD", "^NQDM5300LMAUD", "^NQDXUSLCN", "^NQG5000LMEURN", "^NQGXGBLMAUD", "^NQG5300LMGBPN", "^NQDMXKRLMN", "^NQDXUSLCV", "^NQDMXJPLMGBP", "^NQGXJPLMAUD", "^NQFFUSV", "^NQDMXGBLMAUDN", "^NQDMXJPLMJPY", "^NQDMXKRLCGBPN", "^NQG5000LMJPYN", "^NQDMXKRLMEUR", "^NQDM5000LMAUDN", "^AXW", "^NQDMXKREURN", "^NQDM5000LMCAD", "^NQG5000LMAUDN", "^NQDMXJPLMCADN", "^NQFFUSHY", "^NQDMXKRLMCAD", "^NQDMXGBLM", "^NQDMXGBLMAUD", "^NQG5300LMAUDN", "^NQDMXGBLMJPYN", "^NQDM5000LMEUR", "^NQDMXJPLMCAD", "^NQDM5300LM", "^NQDM5000LMJPYN", "^NQDMXJPLMEUR", "^NQDMXKRLMJPY", "^NQDXUSMEGA", "^NQDMXKRLMGBP", "^NQDXUSLCVN", "^NQG5000LM", "^NQGXGBLMAUDN", "^NQDM5300LMGBPN", "^NQDMXGBLMCAD", "^NQDM5000LMAUD", "^NQDMXGBLMEURN", "^NQDMXKRGBPN", "^NQDMXGBLMEUR", "^NQDM5000LMEURN"], "currency": "USD", "firstTradeDateMilliseconds": 83597400000, "priceHint": 2, "totalCash": 16906000400.0, "floatShares": 1419341834, "ebitda": 36615999488, "shortRatio": 1.67, "preMarketChange": 0.060012817, "preMarketChangePercent": 0.042854056, "preMarketTime": 1603977752, "targetPriceHigh": 175.0, "targetPriceLow": 62.0, "targetPriceMean": 145.14, "targetPriceMedian": 148.0, "preMarketPrice": 140.1, "heldPercentInsiders": 50.913, "heldPercentInstitutions": 30.947, "regularMarketChange": -0.1599884, "regularMarketChangePercent": -0.1142448, "regularMarketTime": 1603978204, "regularMarketPrice": 139.88, "regularMarketDayHigh": 140.05, "regularMarketDayRange": "139.85 - 140.05", "regularMarketDayLow": 139.85, "regularMarketVolume": 123911, "sharesShort": 14910270, "sharesShortPrevMonth": 18545267, "shortPercentFloat": 1.07, "regularMarketPreviousClose": 140.04, "bid": 140.07, "ask": 140.5, "bidSize": 8, "askSize": 8, "exchange": "NYQ", "market": "us_market", "messageBoardId": "finmb_313055", "fullExchangeName": "NYSE", "shortName": "Walmart Inc.", "longName": "Walmart Inc.", "regularMarketOpen": 140.96, "averageDailyVolume3Month": 9739624, "averageDailyVolume10Day": 4622675, "beta": 0.282404, "fiftyTwoWeekLowChange": 37.880005, "fiftyTwoWeekLowChangePercent": 0.3713726, "fiftyTwoWeekRange": "102.0 - 151.33", "fiftyTwoWeekHighChange": -11.449997, "fiftyTwoWeekHighChangePercent": -0.07566244, "fiftyTwoWeekLow": 102.0, "fiftyTwoWeekHigh": 151.33, "dividendDate": 1609718400, "exDividendDate": 1607558400, "earningsTimestamp": 1605596400, "earningsTimestampStart": 1605596400, "earningsTimestampEnd": 1605596400, "trailingAnnualDividendRate": 2.14, "trailingPE": 22.316528, "pegRatio": 4.11, "dividendsPerShare": 2.14, "dividendRate": 2.16, "trailingAnnualDividendYield": 0.015281349, "dividendYield": 1.54, "revenue": 542026007000.0, "priceToSales": 0.7313025, "marketState": "REGULAR", "epsTrailingTwelveMonths": 6.268, "epsForward": 5.6, "epsCurrentYear": 5.32, "epsNextQuarter": 1.41, "priceEpsCurrentYear": 26.293234, "priceEpsNextQuarter": 99.20568, "sharesOutstanding": 2833750016, "bookValue": 26.574, "fiftyDayAverage": 140.39944, "fiftyDayAverageChange": -0.5194397, "fiftyDayAverageChangePercent": -0.0036997276, "twoHundredDayAverage": 130.89365, "twoHundredDayAverageChange": 8.986359, "twoHundredDayAverageChangePercent": 0.0686539, "marketCap": 396384960512, "forwardPE": 24.978573, "priceToBook": 5.263792, "sourceInterval": 15, "exchangeDataDelayedBy": 0, "exchangeTimezoneName": "America/New_York", "exchangeTimezoneShortName": "EDT", "pageViews": {"midTermTrend": "DOWN", "longTermTrend": "UP", "shortTermTrend": "DOWN"}, "gmtOffSetMilliseconds": -14400000, "esgPopulated": false, "tradeable": false, "symbol": "WMT"}, {"language": "en-US", "region": "US", "quoteType": "EQUITY", "quoteSourceName": "Nasdaq Real Time Price", "triggerable": true, "quoteSummary": {"earnings": {"maxAge": 86400, "earningsChart": {"quarterly": [{"date": "4Q2019", "actual": -0.02, "estimate": -0.08}, {"date": "1Q2020", "actual": -0.04, "estimate": -0.05}, {"date": "2Q2020", "actual": -0.02, "estimate": -0.06}, {"date": "3Q2020", "actual": 0.0, "estimate": -0.03}], "currentQuarterEstimate": -0.04, "currentQuarterEstimateDate": "4Q", "currentQuarterEstimateYear": 2020, "earningsDate": [1606867200, 1607299200]}, "financialsChart": {"yearly": [{"date": 2017, "revenue": 105153000, "earnings": -146864000}, {"date": 2018, "revenue": 220544000, "earnings": -140085000}, {"date": 2019, "revenue": 400552000, "earnings": -140683000}, {"date": 2020, "revenue": 630422000, "earnings": -571058000}], "quarterly": [{"date": "4Q2019", "revenue": 168725000, "earnings": -89161000}, {"date": "1Q2020", "revenue": 181903000, "earnings": -89003000}, {"date": "2Q2020", "revenue": 201650000, "earnings": -75211000}, {"date": "3Q2020", "revenue": 215864000, "earnings": -74848000}]}, "financialCurrency": "USD"}}, "currency": "USD", "firstTradeDateMilliseconds": 1561037400000, "priceHint": 2, "totalCash": 1533351940.0, "floatShares": 458690370, "ebitda": -267764000, "shortRatio": 5.46, "preMarketChange": 0.19000053, "preMarketChangePercent": 0.7148252, "preMarketTime": 1603978199, "targetPriceHigh": 40.0, "targetPriceLow": 12.0, "targetPriceMean": 31.1, "targetPriceMedian": 32.0, "preMarketPrice": 26.77, "heldPercentInsiders": 0.388, "heldPercentInstitutions": 65.679, "regularMarketChange": 0.21999931, "regularMarketChangePercent": 0.8276874, "regularMarketTime": 1603978204, "regularMarketPrice": 26.8, "regularMarketDayHigh": 26.81, "regularMarketDayRange": "26.79 - 26.81", "regularMarketDayLow": 26.79, "regularMarketVolume": 103037, "sharesShort": 70458999, "sharesShortPrevMonth": 62962858, "shortPercentFloat": 16.72, "regularMarketPreviousClose": 26.58, "bid": 26.7, "ask": 27.48, "bidSize": 12, "askSize": 13, "exchange": "NYQ", "market": "us_market", "messageBoardId": "finmb_98185698", "fullExchangeName": "NYSE", "shortName": "Slack Technologies, Inc.", "longName": "Slack Technologies, Inc.", "regularMarketOpen": 27.5, "averageDailyVolume3Month": 14499393, "averageDailyVolume10Day": 10452650, "fiftyTwoWeekLowChange": 11.699999, "fiftyTwoWeekLowChangePercent": 0.77483433, "fiftyTwoWeekRange": "15.1 - 40.07", "fiftyTwoWeekHighChange": -13.27, "fiftyTwoWeekHighChangePercent": -0.33117047, "fiftyTwoWeekLow": 15.1, "fiftyTwoWeekHigh": 40.07, "earningsTimestamp": 1599581700, "earningsTimestampStart": 1606942800, "earningsTimestampEnd": 1607374800, "dividendsPerShare": 0.0, "revenue": 768142020.0, "priceToSales": 19.905264, "marketState": "REGULAR", "epsTrailingTwelveMonths": -1.772, "epsForward": -0.21, "epsCurrentYear": -0.12, "epsNextQuarter": -0.04, "priceEpsCurrentYear": -223.33333, "priceEpsNextQuarter": -670.0, "sharesOutstanding": 483126016, "bookValue": 1.333, "fiftyDayAverage": 28.184166, "fiftyDayAverageChange": -1.3841667, "fiftyDayAverageChangePercent": -0.0491115, "twoHundredDayAverage": 30.007715, "twoHundredDayAverageChange": -3.207716, "twoHundredDayAverageChangePercent": -0.10689638, "marketCap": 15290068992, "forwardPE": -127.61905, "priceToBook": 20.105026, "sourceInterval": 15, "exchangeDataDelayedBy": 0, "exchangeTimezoneName": "America/New_York", "exchangeTimezoneShortName": "EDT", "pageViews": {"midTermTrend": "UP", "longTermTrend": "UP", "shortTermTrend": "DOWN"}, "gmtOffSetMilliseconds": -14400000, "esgPopulated": false, "tradeable": false, "symbol": "WORK"}, {"language": "en-US", "region": "US", "quoteType": "EQUITY", "quoteSourceName": "Nasdaq Real Time Price", "triggerable": true, "quoteSummary": {"earnings": {"maxAge": 86400, "earningsChart": {"quarterly": [{"date": "4Q2019", "actual": 0.09, "estimate": 0.03}, {"date": "1Q2020", "actual": 0.15, "estimate": 0.07}, {"date": "2Q2020", "actual": 0.2, "estimate": 0.09}, {"date": "3Q2020", "actual": 0.92, "estimate": 0.45}], "currentQuarterEstimate": 0.76, "currentQuarterEstimateDate": "4Q", "currentQuarterEstimateYear": 2020, "earningsDate": [1607040000, 1607472000]}, "financialsChart": {"yearly": [{"date": 2017, "revenue": 60817000, "earnings": -14000}, {"date": 2018, "revenue": 151478000, "earnings": -3822000}, {"date": 2019, "revenue": 330517000, "earnings": 7584000}, {"date": 2020, "revenue": 622658000, "earnings": 25305000}], "quarterly": [{"date": "4Q2019", "revenue": 166593000, "earnings": 2211000}, {"date": "1Q2020", "revenue": 188251000, "earnings": 15339000}, {"date": "2Q2020", "revenue": 328167000, "earnings": 27075000}, {"date": "3Q2020", "revenue": 663520000, "earnings": 185989000}]}, "financialCurrency": "USD"}}, "currency": "USD", "firstTradeDateMilliseconds": 1555594200000, "priceHint": 2, "totalCash": 1481938940.0, "floatShares": 191674143, "ebitda": 251252000, "shortRatio": 0.97, "preMarketChange": 5.6799927, "preMarketChangePercent": 1.1007525, "preMarketTime": 1603978191, "targetPriceHigh": 735.0, "targetPriceLow": 315.0, "targetPriceMean": 483.77, "targetPriceMedian": 457.5, "preMarketPrice": 521.69, "heldPercentInsiders": 16.196, "heldPercentInstitutions": 49.235, "postMarketChangePercent": 0.38564953, "postMarketTime": 1603929597, "postMarketPrice": 518.0, "postMarketChange": 1.9899902, "regularMarketChange": -22.97998, "regularMarketChangePercent": -4.2635264, "regularMarketTime": 1603915202, "regularMarketPrice": 516.01, "regularMarketDayHigh": 553.8594, "regularMarketDayRange": "511.53 - 553.8594", "regularMarketDayLow": 511.53, "regularMarketVolume": 76446, "sharesShort": 11507634, "sharesShortPrevMonth": 8158347, "shortPercentFloat": 5.93, "regularMarketPreviousClose": 538.99, "bid": 519.26, "ask": 520.0, "bidSize": 9, "askSize": 11, "exchange": "NMS", "market": "us_market", "messageBoardId": "finmb_223236753", "fullExchangeName": "NasdaqGS", "shortName": "Zoom Video Communications, Inc.", "longName": "Zoom Video Communications, Inc.", "regularMarketOpen": 549.5, "averageDailyVolume3Month": 10361523, "averageDailyVolume10Day": 9509937, "fiftyTwoWeekLowChange": 453.99002, "fiftyTwoWeekLowChangePercent": 7.3200583, "fiftyTwoWeekRange": "62.02 - 588.84", "fiftyTwoWeekHighChange": -72.83002, "fiftyTwoWeekHighChangePercent": -0.12368388, "fiftyTwoWeekLow": 62.02, "fiftyTwoWeekHigh": 588.84, "earningsTimestamp": 1598889911, "earningsTimestampStart": 1607115600, "earningsTimestampEnd": 1607547600, "trailingPE": 659.0166, "pegRatio": 5.33, "dividendsPerShare": 0.0, "revenue": 1346530940.0, "priceToSales": 108.99421, "marketState": "REGULAR", "epsTrailingTwelveMonths": 0.783, "epsForward": 2.92, "epsCurrentYear": 2.54, "epsNextQuarter": 0.65, "priceEpsCurrentYear": 203.15355, "priceEpsNextQuarter": 793.8616, "sharesOutstanding": 194756992, "bookValue": 4.216, "fiftyDayAverage": 480.46515, "fiftyDayAverageChange": 35.54486, "fiftyDayAverageChangePercent": 0.0739801, "twoHundredDayAverage": 293.96545, "twoHundredDayAverageChange": 222.04456, "twoHundredDayAverageChangePercent": 0.75534236, "marketCap": 146764070912, "forwardPE": 176.71576, "priceToBook": 122.393265, "sourceInterval": 15, "exchangeDataDelayedBy": 0, "exchangeTimezoneName": "America/New_York", "exchangeTimezoneShortName": "EDT", "pageViews": {"midTermTrend": "UP", "longTermTrend": "UP", "shortTermTrend": "UP"}, "gmtOffSetMilliseconds": -14400000, "esgPopulated": false, "tradeable": false, "symbol": "ZM"}, {"language": "en-US", "region": "US", "quoteType": "EQUITY", "quoteSourceName": "Delayed Quote", "triggerable": true, "quoteSummary": {"earnings": {"maxAge": 86400, "earningsChart": {"quarterly": [{"date": "4Q2019", "actual": 0.67, "estimate": 0.51}, {"date": "1Q2020", "actual": 0.45, "estimate": 0.41}, {"date": "2Q2020", "actual": 0.39, "estimate": 0.38}, {"date": "3Q2020", "actual": 0.48, "estimate": 0.43}], "currentQuarterEstimate": 0.45, "currentQuarterEstimateDate": "4Q", "currentQuarterEstimateYear": 2020, "earningsDate": [1603843200]}, "financialsChart": {"yearly": [{"date": 2016, "revenue": 1254373000, "earnings": 111808000}, {"date": 2017, "revenue": 1479943000, "earnings": 76178000}, {"date": 2018, "revenue": 958461000, "earnings": 57020000}, {"date": 2019, "revenue": 1765438000, "earnings": 148884000}], "quarterly": [{"date": "3Q2019", "revenue": 466490000, "earnings": 33331000}, {"date": "4Q2019", "revenue": 436929000, "earnings": 38465000}, {"date": "1Q2020", "revenue": 13409000, "earnings": -31036000}, {"date": "2Q2020", "revenue": 602758000, "earnings": 56371000}]}, "financialCurrency": "USD"}}, "currency": "USD", "firstTradeDateMilliseconds": 1399037400000, "priceHint": 2, "totalCash": 1148440060.0, "floatShares": 115799512, "ebitda": 236346000, "shortRatio": 5.01, "targetPriceHigh": 53.0, "targetPriceLow": 42.0, "targetPriceMean": 47.5, "targetPriceMedian": 48.0, "heldPercentInsiders": 27.067, "heldPercentInstitutions": 60.202, "postMarketChangePercent": 0.0023762498, "postMarketTime": 1603916354, "postMarketPrice": 42.061, "postMarketChange": 0.0009994507, "regularMarketChange": -0.8899994, "regularMarketChangePercent": -2.0721755, "regularMarketTime": 1603915201, "regularMarketPrice": 42.06, "regularMarketDayHigh": 42.615, "regularMarketDayRange": "40.56 - 42.615", "regularMarketDayLow": 40.56, "regularMarketVolume": 482613, "sharesShort": 3694128, "sharesShortPrevMonth": 4516270, "shortPercentFloat": 3.33, "regularMarketPreviousClose": 42.95, "bid": 0.0, "ask": 42.02, "bidSize": 9, "askSize": 10, "exchange": "NYQ", "market": "us_market", "messageBoardId": "finmb_44707236", "fullExchangeName": "NYSE", "shortName": "Ares Management Corporation", "longName": "Ares Management Corporation", "regularMarketOpen": 42.14, "averageDailyVolume3Month": 606118, "averageDailyVolume10Day": 438587, "beta": 1.198565, "fiftyTwoWeekLowChange": 21.86, "fiftyTwoWeekLowChangePercent": 1.0821782, "fiftyTwoWeekRange": "20.2 - 45.44", "fiftyTwoWeekHighChange": -3.3799973, "fiftyTwoWeekHighChangePercent": -0.07438374, "fiftyTwoWeekLow": 20.2, "fiftyTwoWeekHigh": 45.44, "dividendDate": 1601424000, "exDividendDate": 1600128000, "earningsTimestamp": 1603864800, "earningsTimestampStart": 1603864800, "earningsTimestampEnd": 1603864800, "trailingAnnualDividendRate": 1.44, "trailingPE": 75.2415, "pegRatio": 1.78, "dividendsPerShare": 1.44, "dividendRate": 1.6, "trailingAnnualDividendYield": 0.03352736, "dividendYield": 3.73, "revenue": 1519586050.0, "priceToSales": 3.963851, "marketState": "REGULAR", "epsTrailingTwelveMonths": 0.559, "epsForward": 2.18, "epsCurrentYear": 1.73, "epsNextQuarter": 0.5, "priceEpsCurrentYear": 24.31214, "priceEpsNextQuarter": 84.12, "sharesOutstanding": 143210000, "bookValue": 4.775, "fiftyDayAverage": 41.69, "fiftyDayAverageChange": 0.37000275, "fiftyDayAverageChangePercent": 0.008875096, "twoHundredDayAverage": 38.75943, "twoHundredDayAverageChange": 3.3005714, "twoHundredDayAverageChangePercent": 0.085155316, "marketCap": 6023412736, "forwardPE": 19.293577, "priceToBook": 8.808377, "sourceInterval": 15, "exchangeDataDelayedBy": 0, "exchangeTimezoneName": "America/New_York", "exchangeTimezoneShortName": "EDT", "pageViews": {"midTermTrend": "UP", "longTermTrend": "UP", "shortTermTrend": "UP"}, "gmtOffSetMilliseconds": -14400000, "esgPopulated": false, "tradeable": false, "symbol": "ARES"}, {"language": "en-US", "region": "US", "quoteType": "EQUITY", "quoteSourceName": "Nasdaq Real Time Price", "triggerable": true, "quoteSummary": {"earnings": {"maxAge": 86400, "earningsChart": {"quarterly": [{"date": "4Q2019", "actual": 8.34, "estimate": 7.69}, {"date": "1Q2020", "actual": 6.6, "estimate": 6.36}, {"date": "2Q2020", "actual": 7.85, "estimate": 6.99}, {"date": "3Q2020", "actual": 9.22, "estimate": 7.8}], "currentQuarterEstimate": 8.4, "currentQuarterEstimateDate": "4Q", "currentQuarterEstimateYear": 2020, "earningsDate": [1610496000, 1610928000]}, "financialsChart": {"yearly": [{"date": 2016, "revenue": 12261000000, "earnings": 3168000000}, {"date": 2017, "revenue": 13600000000, "earnings": 4952000000}, {"date": 2018, "revenue": 14198000000, "earnings": 4305000000}, {"date": 2019, "revenue": 14539000000, "earnings": 4476000000}], "quarterly": [{"date": "4Q2019", "revenue": 3977000000, "earnings": 1301000000}, {"date": "1Q2020", "revenue": 3710000000, "earnings": 806000000}, {"date": "2Q2020", "revenue": 3648000000, "earnings": 1214000000}, {"date": "3Q2020", "revenue": 4369000000, "earnings": 1364000000}]}, "financialCurrency": "USD"}}, "components": ["^NQDMXJPLMAUD", "^NQUSBLM", "^NQG8700LMEURN", "^NQG8000LMCAD", "^NQG8000LMEUR", "^NQDM8700LMJPY", "^NQG8000LMGBPN", "^NQG8700LMJPYN", "^NQG8000LMN", "^NQUSB8771LMJPY", "^NQNALMEURN", "^NQUSBLMCAD", "^NQUSB8770LMAUD", "^NQDM8000LMCADN", "^NQUSB8771LMCAD", "^NQDMXKRJPYN", "^NQDMXKRLMAUDN", "^NQNA8700LMAUDN", "^NQNA8700LMGBPN", "^NQUSB8771LMEUR", "^NQDMXJPLMAUDN", "^NQDMXKRLMAUD", "^NQDM8000LMAUD", "^NQUSBLMJPY", "^NQUSB8000LMCADN", "^NQUSB8770LMAUDN", "^NQG8000LMJPY", "^NQG8700LMAUD", "^NQGXGBLMN", "^NQUS500LCVN", "^NQDMXKRLCJPY", "^NQUSB8771LMEURN", "^NQDXUSLCEUR", "^NQUSB8000LMN", "^NQDM8700LMGBPN", "^NQNA8000LMN", "^NQNA8000LMCADN", "^NQDMXKRAUD", "^NQNA8000LMJPY", "^NQDMXKRLMGBPN", "^NQGXGBLMGBPN", "^NQGXJPLMJPYN", "^NQNALMCADN", "^NQUSBLMEUR", "^NQNALMJPY", "^NQUSB8770LMGBP", "^NQGXGBLMJPY", "^NQUSB8771LMJPYN", "^NQGXJPLMJPY", "^NQG8700LMGBP", "^NQUSB8700LMGBP", "^NQDMXKR", "^NQDMXGBLMCADN", "^NQDMXKRLCN", "^NQGXGBLMEURN", "^NQGXJPLMCAD", "^NQGXJPLMEUR", "^NQDMXJPLMGBPN", "^NQUSLV", "^NQUSB8700LMCAD", "^NQDMXJPLMN", "^NQDMXKRLCJPYN", "^NQDMXKRLMCADN", "^NQUSB8770LMGBPN", "^NQDMXKRLCEUR", "^NQDXUSLC", "^NQGXGBLMJPYN", "^NQUSB8770LM", "^NQUSBLMEURN", "^NQDMXKRJPY", "^NQDMXKRLCCAD", "^NQG8700LMCADN", "^NQDMXKRLCEURN", "^NQNA8000LMAUD", "^NQUSB8700LMGBPN", "^NQGXJPLMGBPN", "^NQDM8000LMEURN", "^NQNA8700LMN", "^NQNALM", "^NQUS500LC", "^NQDMXGBLMJPY", "^NQUSMLTCV", "^NQG8700LMN", "^NQNALMAUD", "^NQDXUSLCN", "^NQUSB8000LMEURN", "^NQUSB8700LMEUR", "^NQGXGBLMAUD", "^NQDM8000LM", "^NQUSB8000LMGBP", "^NQUSBLMN", "^NQDMXJPLMGBP", "^NQDM8700LMAUD", "^NQDM8000LMN", "^NQDMXKRLMEUR", "^NQUSB8000LMJPYN", "^NQNALMAUDN", "^NQG8700LM", "^NQNA8000LM", "^NQDM8000LMJPYN", "^NQUSB8771LM", "^NQDMXKRLMCAD", "^NQDMXGBLM", "^NQNA8700LMGBP", "^NQUSB8700LMN", "^NQDMXGBLMJPYN", "^NQNA8000LMAUDN", "^NQNA8700LMJPYN", "^NQDM8000LMJPY", "^NQDM8700LMAUDN", "^NQDMXKRLMJPY", "^NQUSBLMJPYN", "^NQUSB8000LMAUD", "^KSX", "^NQDMXGBLMCAD", "^NQUSB8700LMAUDN", "^NQDMXGBLMEURN", "^NQDMXKRGBPN", "^NQDMXGBLMEUR", "^NQNA8700LMEURN", "^NQDMXKRAUDN", "^NQDMXKRLMJPYN", "^NQUSBLMCADN", "^NQNA8000LMGBPN", "^NQDMXGBLMN", "^NQUSB8700LM", "^NQDM8700LMGBP", "^NQNALMGBPN", "^NQGXGBLMCADN", "^NQUSB8700LMCADN", "^NQDMXKRLCCADN", "^NQUSB8771LMGBP", "^NQUSB8770LMEUR", "^NQGXJPLMCADN", "^NQG8700LMCAD", "^NQDM8700LMCADN", "^NQDM8000LMCAD", "^NQUSB8770LMCAD", "^NQDM8000LMEUR", "^NQGXJPLM", "^NQDM8700LMN", "^NQG8700LMEUR", "^NQUSBLMGBP", "^NQNALMN", "^NQG8700LMAUDN", "^NQG8000LMGBP", "^NQUSB8771LMGBPN", "^NQUSB8771LMN", "^NQG8000LMJPYN", "^NQGXJPLMAUDN", "^NQUSLVN", "^NQDMXKRLCGBP", "^NQDMXKRLM", "^NQUSB8770LMJPYN", "^NQDMXKRLC", "^NQNALMGBP", "^NQNA8000LMGBP", "^NQDMXJPLMJPYN", "^NQGXGBLM", "^NQNA8700LMAUD", "^NQUSB8771LMAUD", "^NQDMXKRN", "^NQUSMLTCVN", "^NQCRDN", "^NQUSB8770LMJPY", "^NQDMXJPLMEURN", "^NQG8700LMGBPN", "^NQUSB8770LMEURN", "^NQDMXJPLM", "^NQDMXKREUR", "^NQGXJPLMGBP", "^NQDMXKRLMEURN", "^NQUSBLMAUD", "^NQGXGBLMGBP", "^NQDMXKRCAD", "^NQG8700LMJPY", "^NQUSB8700LMJPY", "^NQNA8700LMCADN", "^NQDXUSLCEURN", "^NQG8000LMEURN", "^NQDMXKRLCAUD", "^NQNA8000LMCAD", "^NQNALMCAD", "^NQUSB8000LMEUR", "^NQNA8000LMEUR", "^NQG8000LM", "^NQUSB8000LMCAD", "^NQUSB8000LMGBPN", "^NQDM8700LMJPYN", "^NQGXJPLMEURN", "^NQUSB8771LMAUDN", "^NQUSB8700LMEURN", "^NQDM8000LMGBPN", "^NQDXUSLCGBP", "^NQGXJPLMN", "^NQNALMEUR", "^NQNA8700LMJPY", "^NQDM8700LMEURN", "^NQGXGBLMEUR", "^NQDMXKRGBP", "^NQUSB8700LMAUD", "^NQDMXGBLMGBPN", "^NQG8000LMAUDN", "^NQNA8700LM", "^NQNA8700LMEUR", "^NQCRD", "^NQDMXKRCADN", "^NQGXGBLMCAD", "^NQDMXGBLMGBP", "^NQDMXKRLCAUDN", "^NQDXUSLCGBPN", "^NQUSB8000LMJPY", "^NQNA8700LMCAD", "^NQUSBLMGBPN", "^NQDMXKRLMN", "^NQGXJPLMAUD", "^NQDMXGBLMAUDN", "^NQDMXJPLMJPY", "^NQDMXKRLCGBPN", "^NQDM8000LMAUDN", "^NQNA8000LMJPYN", "^NQUSB8771LMCADN", "^NQDMXKREURN", "^NQNALMJPYN", "^NQDM8700LM", "^NQDMXJPLMCADN", "^NQUSB8000LM", "^NQDM8700LMCAD", "^NQNA8000LMEURN", "^NQUSB8770LMN", "^NQDM8700LMEUR", "^NQUSB8700LMJPYN", "^NQUSB8000LMAUDN", "^NQDMXGBLMAUD", "^NQUSBLMAUDN", "^NQUSB8770LMCADN", "^NQDM8000LMGBP", "^NQDMXJPLMCAD", "^NQDMXJPLMEUR", "^NQG8000LMCADN", "^NQDMXKRLMGBP", "^NQGXGBLMAUDN", "^NQUS500LCN", "^NQG8000LMAUD", "^NQUS500LCV"], "currency": "USD", "firstTradeDateMilliseconds": 938784600000, "priceHint": 2, "totalCash": 5238000100.0, "floatShares": 150550549, "ebitda": 5907999744, "shortRatio": 1.77, "preMarketChange": 4.289978, "preMarketChangePercent": 0.7141512, "preMarketTime": 1603974602, "targetPriceHigh": 800.0, "targetPriceLow": 602.0, "targetPriceMean": 717.6, "targetPriceMedian": 707.0, "preMarketPrice": 605.0, "heldPercentInsiders": 3.321, "heldPercentInstitutions": 84.871, "regularMarketChange": 0.6199951, "regularMarketChangePercent": 0.10321038, "regularMarketTime": 1603978201, "regularMarketPrice": 601.33, "regularMarketDayHigh": 602.26, "regularMarketDayRange": "601.33 - 602.26", "regularMarketDayLow": 601.33, "regularMarketVolume": 8569, "sharesShort": 1333752, "sharesShortPrevMonth": 1309944, "shortPercentFloat": 1.15, "regularMarketPreviousClose": 600.71, "bid": 594.0, "ask": 629.97, "bidSize": 11, "askSize": 18, "exchange": "NYQ", "market": "us_market", "messageBoardId": "finmb_403413", "fullExchangeName": "NYSE", "shortName": "BlackRock, Inc.", "longName": "BlackRock, Inc.", "regularMarketOpen": 602.69, "averageDailyVolume3Month": 616584, "averageDailyVolume10Day": 544687, "beta": 1.244897, "fiftyTwoWeekLowChange": 277.35, "fiftyTwoWeekLowChangePercent": 0.85607135, "fiftyTwoWeekRange": "323.98 - 666.64", "fiftyTwoWeekHighChange": -65.31, "fiftyTwoWeekHighChangePercent": -0.09796891, "fiftyTwoWeekLow": 323.98, "fiftyTwoWeekHigh": 666.64, "dividendDate": 1600732800, "exDividendDate": 1599091200, "earningsTimestamp": 1602569760, "earningsTimestampStart": 1610544600, "earningsTimestampEnd": 1610976600, "trailingAnnualDividendRate": 14.19, "trailingPE": 19.970444, "pegRatio": 2.0, "dividendsPerShare": 14.19, "dividendRate": 14.52, "trailingAnnualDividendYield": 0.023622045, "dividendYield": 2.42, "revenue": 15704000500.0, "priceToSales": 5.839303, "marketState": "REGULAR", "epsTrailingTwelveMonths": 30.111, "epsForward": 34.6, "epsCurrentYear": 32.06, "epsNextQuarter": 7.83, "priceEpsCurrentYear": 18.756393, "priceEpsNextQuarter": 76.79822, "sharesOutstanding": 152484000, "bookValue": 214.679, "fiftyDayAverage": 587.1825, "fiftyDayAverageChange": 14.147522, "fiftyDayAverageChangePercent": 0.02409391, "twoHundredDayAverage": 554.1857, "twoHundredDayAverageChange": 47.144287, "twoHundredDayAverageChangePercent": 0.08506947, "marketCap": 91700420608, "forwardPE": 17.37948, "priceToBook": 2.801066, "sourceInterval": 15, "exchangeDataDelayedBy": 0, "exchangeTimezoneName": "America/New_York", "exchangeTimezoneShortName": "EDT", "pageViews": {"midTermTrend": "UP", "longTermTrend": "UP", "shortTermTrend": "DOWN"}, "gmtOffSetMilliseconds": -14400000, "esgPopulated": false, "tradeable": false, "symbol": "BLK"}, {"language": "en-US", "region": "US", "quoteType": "EQUITY", "quoteSourceName": "Nasdaq Real Time Price", "triggerable": true, "quoteSummary": {"earnings": {"maxAge": 86400, "earningsChart": {"quarterly": [{"date": "4Q2019", "actual": 0.62, "estimate": 0.5}, {"date": "1Q2020", "actual": 0.22, "estimate": 0.27}, {"date": "2Q2020", "actual": -3.3, "estimate": -2.26}, {"date": "3Q2020", "actual": -2.19, "estimate": -2.2}], "currentQuarterEstimate": -1.91, "currentQuarterEstimateDate": "4Q", "currentQuarterEstimateYear": 2020, "earningsDate": [1608249600, 1608595200]}, "financialsChart": {"yearly": [{"date": 2016, "revenue": 16389000000, "earnings": 2779000000}, {"date": 2017, "revenue": 17510000000, "earnings": 2606000000}, {"date": 2018, "revenue": 18881000000, "earnings": 3152000000}, {"date": 2019, "revenue": 20825000000, "earnings": 2990000000}], "quarterly": [{"date": "4Q2019", "revenue": 4782000000, "earnings": 423000000}, {"date": "1Q2020", "revenue": 4789000000, "earnings": -781000000}, {"date": "2Q2020", "revenue": 740000000, "earnings": -4374000000}, {"date": "3Q2020", "revenue": 31000000, "earnings": -2858000000}]}, "financialCurrency": "USD"}}, "components": ["^NQDMXJPLMAUD", "^NQGB5700LMEUR", "^NQEMEA5000LMGBPN", "^NQEMEALMN", "^NQG5700LMCADN", "^NQDM5700LMJPYN", "^NQDMEU5700LMEUR", "^NQSHYL", "^NQDMXKRMCCADN", "^NQEULMEURN", "^NQGB5000LMCADN", "^NQDMASPAXJPMCAUD", "^NQDMXKRMCAUD", "^NQDM5700LMEURN", "^NQDMXNAXKRLCCAD", "^NQDMXUS3000EUR", "^NQDMXNAXKRLMCADN", "^NQGBLMEUR", "^NQUSB5000LM", "^NQDMASPAXJPMCCADN", "^NQDMXUSLMJPY", "^NQEULMJPYN", "^NQDM3000LM", "^NQDMASPAXJPAUDN", "^NQAULMJPYN", "^NQUSBLMCAD", "^NQDMXKRJPYN", "^NQEU5700LMEUR", "^NQASPA3000LM", "^NQNA5000LMAUDN", "^NQDM5700LMN", "^NQDMXJPLMAUDN", "^NQDMXKRLMAUD", "^NQEU5000LMCADN", "^NQUSBLMJPY", "^NQDMXUSXKRLMCADN", "^NQGXNALMN", "^NQDMXNAXKRLCJPY", "^NQUSB5000LMGBPN", "^NQDM3500LMEUR", "^NQDMASPA3500LMJPY", "^NQDMXNAXKRCADN", "^NQGXGBLMN", "^NQEULMGBP", "^NQDMEU5700LMAUDN", "^WEALTHGN", "^NQG5000LMCAD", "^NQDMASPA3000LMN", "^NQDMXUSLMCAD", "^NQG3000LMEUR", "^WEALTHGL", "^NQDMXUSXKRGBP", "^NQDMXNAXKRLMCAD", "^NQGXUSLM", "^NQDMXUS5000", "^NQDMXUSXKRLMN", "^NQDM5000LMN", "^NQDMEULMGBPN", "^NQDMXUSLMCADN", "^NQEMEA5700LMAUD", "^NQUSB5755LMGBPN", "^NQDMXUSXKRLCGBPN", "^NQDMXUSXKRGBPN", "^NQDM3000LMAUD", "^NQDMASPAXJPAUD", "^NQGXJPLMJPYN", "^NQNALMCADN", "^NQDMXUS3000CADN", "^NQDMXUS5000EURN", "^NQNALMJPY", "^NQASPAXJPLMCADN", "^NQAULMEURN", "^NQG5000LMJPY", "^NQUSB5700LMN", "^NQASPALM", "^NQASPA3000LMJPYN", "^NQDMXNAXKRLMJPY", "^NQGBLMCADN", "^NQDMXKR", "^NQDMXNAXKRLCGBPN", "^NQUSB5700LMCAD", "^NQDMXUS5000JPYN", "^NQGXUSLMGBPN", "^NQGXGBLMEURN", "^NQUSB5000LMGBP", "^NQGXJPLMEUR", "^NQDMEULMAUDN", "^NQUSB5755LMAUDN", "^NQDMXJPLMGBPN", "^NQUSLV", "^NQGB5700LMJPYN", "^NQNA5000LMJPY", "^NQDMASPAXJPEUR", "^NQDMXKRLMCADN", "^NQNA5000LMGBPN", "^NQDMXKRLCEUR", "^NQDMEU5700LMEURN", "^NQUSB5700LMGBP", "^NQDXUSLC", "^NQG3500LMJPY", "^NQGXGBLMJPYN", "^NQASPA3000LMCAD", "^NQNA5700LM", "^NQDM3000LMGBPN", "^NQDMXNAXKR", "^NQASPA3500LMGBPN", "^NQDMXKRJPY", "^NQDMXUS5000AUDN", "^NQDMXUSXKRMCEUR", "^NQDMEULMGBP", "^NQGXNALMJPY", "^NQEMEALMEUR", "^NQASPA3000LMJPY", "^NQDMEU5700LMJPYN", "^NQEMEA5000LMAUDN", "^NQASPA3500LMCAD", "^NQUS500LC", "^NQDXGB", "^NQDMXUS5000N", "^NQEMEA5000LMEUR", "^NQGXUSLMGBP", "^NQUSMLTCV", "^NQEMEALMJPYN", "^NQG5700LMN", "^NQGXNALMCADN", "^NQGXGBLMAUD", "^NQDM5700LMAUD", "^NQDMASPAXJPGBPN", "^NQDMXJPLMGBP", "^NQEMEALMEURN", "^NQDMASPALMJPY", "^NQDMASPAXJPLMEUR", "^NQDMXNAXKRLCAUDN", "^NQUSB5000LMAUD", "^NQDMXKRLMEUR", "^NQGXNALMCAD", "^NQAULMJPY", "^NQDMXNAXKRMCCADN", "^NQDMEU5700LM", "^NQDMXGBLM", "^NQGXUSLMAUDN", "^NQASPALMEURN", "^NQDMASPALMCAD", "^NQDM3500LMCADN", "^NQGB5700LMEURN", "^NQDMEULM", "^NQDMXGBLMJPYN", "^NQG3000LMCADN", "^NQDMEU5700LMN", "^NQDM5000LMEUR", "^NQAULM", "^NQASPA3000LMN", "^NQDMEULMAUD", "^NQAULMN", "^NQDMXUSXKRLMEUR", "^NQDM5000LMJPYN", "^NQASPALMJPYN", "^NQASPA3500LMJPY", "^NQAULMCAD", "^NQDMXUSXKRAUD", "^NQDMXGBLMEURN", "^NQDMXGBLMEUR", "^NQDM3000LMAUDN", "^NQDM5000LMEURN", "^NQDMXUSXKRLMJPY", "^NQDMEULMN", "^NQDMXKRMCEUR", "^NQDMXKRAUDN", "^NQDMSLN", "^NQUSBLMCADN", "^NQDMASPAXJPMCCAD", "^NQDMXGBLMN", "^NQDM3000LMN", "^NQDMXUS3000AUD", "^NQDMXNAXKRMCN", "^NQASPA3000LMCADN", "^NQDMXUS3000", "^NQNALMGBPN", "^NQDMEU5000LMEUR", "^NQGXGBLMCADN", "^NQG5700LM", "^NQDMXNAXKRLC", "^NQGXJPLMCADN", "^NQDMXUS5000JPY", "^NQAUCCGL", "^NQDMXNAXKRLM", "^NQEU5700LMCADN", "^NQDM5700LMAUDN", "^NQEULMAUDN", "^NQG5700LMJPY", "^NQGXJPLM", "^NQEMEALMCADN", "^NQGB5000LM", "^NQDMXUSXKRLCCAD", "^NQGBLMGBP", "^NQDMASPA3000LMCAD", "^NQUSB5000LMN", "^NQG3500LMCADN", "^NQGXUSLMCADN", "^NQUSBLMGBP", "^NQDM3500LMAUD", "^NQDMXUSXKRMCGBPN", "^NQDMEU5000LMN", "^NQDMXUS3000GBPN", "^NQUSB5700LMAUDN", "^NQG3500LMN", "^NQDMASPA3500LMGBP", "^NQEMEA5700LMAUDN", "^NQAULMAUDN", "^NQDM5000LMJPY", "^NQEMEA5000LMJPYN", "^NQAULMGBPN", "^NQDMXUS3000GBP", "^NQG3500LMCAD", "^NQDMEU5000LMCADN", "^NQDMXUS5000CAD", "^NQUSB5000LMCADN", "^NQEMEA5700LMCAD", "^NQG3000LMAUD", "^NQNALMGBP", "^NQASPA3500LMCADN", "^NQDMXUSXKRMCAUDN", "^NQNA5700LMAUDN", "^NQUSB5700LMAUD", "^NQEULMGBPN", "^NQDMASPAXJP", "^NQEMEA5700LMGBPN", "^NQG5700LMGBPN", "^NQNA5000LMEUR", "^NQUSMLTCVN", "^NQDM5000LMCADN", "^NQEU5000LMGBPN", "^NQUSB5755LMJPYN", "^NQDM3500LMGBP", "^NQEULMEUR", "^NQG5000LMN", "^NQGBLMAUD", "^NQDMXNAXKRMC", "^NQDMXUSXKRLCJPY", "^NQUSBLMAUD", "^NQDM5700LMGBP", "^NQGB5000LMEUR", "^NQDMXKRCAD", "^NQEMEA5000LMEURN", "^NQG3000LMEURN", "^NQDM3000LMCAD", "^NQG5700LMCAD", "^NQUSB5755LMEURN", "^NQDMASPAXJPMCN", "^NQDMASPA3000LMJPY", "^NQDMASPALM", "^NQUSB5000LMJPY", "^NQG5000LMGBPN", "^NQEULMAUD", "^NQASPALMEUR", "^NQNALMCAD", "^NQASPAXJPLMJPYN", "^NQDMXUSXKREUR", "^NQG3000LMGBP", "^NQDMASPAXJPMCEURN", "^NQGB5000LMEURN", "^NQASPALMGBPN", "^NQDMXUSXKRLCCADN", "^NQDMXUS3000AUDN", "^NQG3500LMGBP", "^NQDMASPAXJPLMGBP", "^NQDMASPAXJPLMCADN", "^NQG3000LMJPYN", "^INWNTR", "^NQDMASPAXJPMCJPYN", "^NQUSB5755LMEUR", "^NQDMXNAXKRMCEUR", "^NQNA5700LMN", "^NQASPAXJPLMEUR", "^NQEMEA5700LMGBP", "^NQGXGBLMEUR", "^NQDMEULMJPY", "^NQDMXKRGBP", "^NQDM5700LMCAD", "^NQGXNALMGBP", "^NQDM3000LMGBP", "^NQUSB5755LMN", "^NQDMXUSXKRLCN", "^NQDMASPALMGBPN", "^NQGXUSLMJPY", "^NQDMXGBLMGBP", "^NQDMXKRLCAUDN", "^NQDXUSLCGBPN", "^NQDMXUSLMN", "^NQGB5700LMAUDN", "^NQUSB5000LMCAD", "^NQEMEALMAUD", "^NQDM3500LMN", "^NQDMXKRLMN", "^NQDMASPALMGBP", "^NQDMXUSXKRN", "^NQDMXKRLCGBPN", "^NQNA5000LMJPYN", "^NQDMASPALMAUDN", "^NQEU5000LMAUDN", "^NQDMXNAXKRLCN", "^NQDMXNAXKRGBPN", "^NQASPALMAUDN", "^NQDMXKREURN", "^NQDMEULMCAD", "^NQDMXNAXKREUR", "^NQGB5700LMGBPN", "^NQDMASPAXJPMCGBP", "^NQG5000LMAUDN", "^NQNA5700LMCAD", "^NQDMXJPLMCADN", "^NQDMXNAXKRN", "^NQG3500LM", "^NQNA5000LMEURN", "^RCHNTR", "^NQAULMGBP", "^NQG3000LMN", "^NQGB5000LMJPYN", "^NQDMXGBLMAUD", "^NQUSB5700LMJPYN", "^NQNA5000LMN", "^NQGXNALMAUD", "^NQASPAXJPLMEURN", "^NQDMASPALMN", "^NQNA5700LMJPY", "^NQDMASPAXJPCADN", "^NQASPA3500LM", "^NQDMXUSXKRMCN", "^NQDMASPA3500LMCAD", "^NQAUCCN", "^NQDMASPAXJPLMAUD", "^NQDMXJPLMEUR", "^NQEMEALMGBP", "^NQUSB5700LMEURN", "^NQDMASPA3500LM", "^NQDXUSLCVN", "^NQGB5700LMJPY", "^NQNA5700LMGBPN", "^NQEU5000LMEUR", "^NQDMASPALMAUD", "^NQGXUSLMCAD", "^NQDMXUSXKRAUDN", "^NQGB5000LMAUD", "^NQASPALMN", "^NQDMEU5700LMCAD", "^NQUSBLM", "^NQGB5700LMCAD", "^NQDMXNAXKRLCEUR", "^NQDMXUSXKRLC", "^NQEMEA5000LM", "^NQEMEA5700LMEURN", "^NQDM5000LMGBPN", "^NQDM5700LM", "^NQDMXUS3000CAD", "^NQDMXUSXKRLM", "^NQDMXUS5000GBP", "^NQGBLMCAD", "^NQDMEU5700LMCADN", "^NQAULMAUD", "^NQEMEA5700LMJPYN", "^NQGXNALMAUDN", "^NQNALMEURN", "^NQDMXKRLMAUDN", "^NQG5700LMGBP", "^NQGBLMAUDN", "^NQDMXNAXKRMCEURN", "^NQGBLMJPY", "^NQDMASPA3000LMAUD", "^NQDM3500LMCAD", "^NQDM3500LMGBPN", "^NQEU5700LMCAD", "^NQDMEU5000LMAUD", "^NQDM5000LM", "^NQDMEU5700LMJPY", "^NQDM5000LMGBP", "^NQUS500LCVN", "^NQDMXUSXKRLCAUD", "^NQDMXUSXKRLMGBP", "^NQDMXKRLCJPY", "^NQUSB5700LMEUR", "^NQG5000LMEUR", "^NQGXNALMGBPN", "^NQDMXNAXKRLMAUDN", "^NQDM3500LMAUDN", "^NQDMXUS3000JPY", "^NQDMXNAXKRMCJPYN", "^NQDXUSLCEUR", "^NQGB5000LMGBP", "^NQDM3000LMCADN", "^NQEU5700LMGBPN", "^NQDMXUSLMEUR", "^NQDMXNAXKRLMEUR", "^NQNA5000LMAUD", "^NQDMXUS5000AUD", "^NQEU5700LMJPY", "^NQDMXKRAUD", "^NQG3500LMAUD", "^NQG3000LMGBPN", "^NQDMASPAXJPLMGBPN", "^NQDMXUSXKRLMAUDN", "^NQDMXKRLMGBPN", "^NQDXUSMLTCVN", "^NQGXGBLMGBPN", "^NQNA5000LMCADN", "^NQASPAXJPLMGBP", "^NQDMXUSXKR", "^NQUSBLMEUR", "^NQDMXNAXKRAUDN", "^NQDMXUSXKRMCEURN", "^NQEMEA5700LM", "^NQDM3500LMJPY", "^NQEULM", "^NQG5700LMAUD", "^NQDMXUSXKRMC", "^NQGXGBLMJPY", "^NQDMXUSXKRMCJPYN", "^NQDMXUSXKRLCGBP", "^NQGXJPLMJPY", "^NQDMASPA3000LMGBP", "^NQDMEU5000LMGBP", "^NQDMXGBLMCADN", "^NQDM5700LMJPY", "^NQGXNALM", "^NQDMXKRLCN", "^NQGXJPLMCAD", "^NQDMXUSLMGBPN", "^NQG3000LMAUDN", "^NQNA5700LMEURN", "^NQDMXNAXKRJPYN", "^NQDMXJPLMN", "^NQEULMCADN", "^NQDMASPAXJPCAD", "^NQDMXUSXKRLMEURN", "^NQASPA3500LMN", "^NQDMXKRMCEURN", "^NQUSB5755LMAUD", "^NQDMXKRLCJPYN", "^NQDMXUSXKREURN", "^NQDMASPAXJPLM", "^NQDMASPAXJPLMJPY", "^NQASPA3000LMEUR", "^NQASPALMAUD", "^NQDMEU5000LMGBPN", "^NQG3000LMJPY", "^NQEMEA5000LMJPY", "^NQDMXNAXKRLMGBPN", "^NQEMEA5700LMJPY", "^NQUSBLMEURN", "^NQDMXUSXKRMCCAD", "^NQDMXKRMCJPYN", "^NQDMXUSXKRJPYN", "^NQDMXKRLCCAD", "^NQDMXKRLCEURN", "^INW", "^NQDMXNAXKRLMN", "^NQDM3000LMJPY", "^NQDMXUSXKRLMJPYN", "^NQASPA3500LMEUR", "^NQGXJPLMGBPN", "^NQDMXNAXKRGBP", "^NQNALM", "^NQG3500LMEURN", "^NQEU5000LMGBP", "^NQASPAXJPLMAUD", "^NQDMXGBLMJPY", "^NQDMXNAXKRLCCADN", "^NQEMEA5000LMCAD", "^NQEU5000LMJPYN", "^NQNALMAUD", "^NQDMASPAXJPMCAUDN", "^NQDXUSLCN", "^NQASPAXJPLMAUDN", "^NQNA5700LMJPYN", "^NQDMXNAXKREURN", "^NQG5000LMEURN", "^NQG3000LMCAD", "^NQDXUSLCV", "^NQG3500LMJPYN", "^NQUSBLMN", "^NQEU5000LMEURN", "^NQASPA3000LMGBPN", "^NQDMXNAXKRLMAUD", "^NQDMASPAXJPN", "^NQGB5000LMGBPN", "^NQEU5700LM", "^NQG5000LMJPYN", "^NQASPALMGBP", "^NQUSB5000LMEURN", "^NQDM5700LMGBPN", "^NQUSB5755LMGBP", "^NQDMXUSXKRMCJPY", "^NQNALMAUDN", "^NQDM5000LMCAD", "^NQDMASPA3500LMN", "^NQDMASPAXJPMCJPY", "^NQDMASPAXJPMCGBPN", "^NQASPAXJPLMGBPN", "^NQDMASPAXJPLMCAD", "^NQDMXKRLMCAD", "^NQGB5000LMAUDN", "^NQDMASPAXJPJPY", "^NQDMXKRMCJPY", "^NQEMEALMCAD", "^NQEU5000LMAUD", "^NQDMXNAXKRAUD", "^NQDMXUS3000EURN", "^NQDMEULMCADN", "^NQDMASPALMJPYN", "^NQDMASPAXJPMC", "^NQSHYLN", "^NQAULMEUR", "^NQDMXUSLMAUDN", "^NQDMXNAXKRMCAUD", "^NQNA5700LMGBP", "^NQUSB5755LMCADN", "^NQDMXUSXKRLMCAD", "^NQDMASPALMEUR", "^NQDMASPALMEURN", "^NQEU5700LMAUDN", "^NQGXNALMEUR", "^NQDMXKRLMJPY", "^NQG5700LMAUDN", "^NQEMEA5000LMCADN", "^NQEMEALMJPY", "^NQG5000LM", "^NQGBLMEURN", "^NQUSBLMJPYN", "^NQGB5700LMGBP", "^NQDMXUS5000CADN", "^NQGBLMJPYN", "^NQDMASPA3500LMAUD", "^NQDMXGBLMCAD", "^NQUSB5000LMJPYN", "^NQDMXKRGBPN", "^NQDMXUS3000JPYN", "^NQGB5700LM", "^NQDMASPAXJPMCEUR", "^NQDMXKRLMJPYN", "^NQDMXNAXKRMCGBPN", "^NQDMXUSXKRLCEURN", "^NQG3000LM", "^NQGB5000LMN", "^NQDMASPAXJPLMEURN", "^NQDMXKRMCCAD", "^NQGXUSLMAUD", "^NQDMXKRLCCADN", "^NQDMXNAXKRLCEURN", "^NQDMEU5000LMCAD", "^NQDMXUSXKRCADN", "^NQEMEA5000LMN", "^NQEMEALM", "^NQEU5700LMAUD", "^NQDMXUSLMGBP", "^NQDMASPAXJPLMJPYN", "^NQUSB5700LMGBPN", "^NQDMXUSXKRLCEUR", "^NQDMASPA3000LMEUR", "^NQDMXNAXKRLCJPYN", "^NQDMXUSXKRLCJPYN", "^NQGBLMN", "^NQDMEU5000LMAUDN", "^NQGXNALMEURN", "^NQNA5700LMAUD", "^NQNALMN", "^NQGB5700LMAUD", "^NQG5000LMCADN", "^RCH", "^NQDMEU5700LMGBP", "^NQDMXUS5000GBPN", "^NQASPAXJPLM", "^NQEULMJPY", "^NQNA5700LMCADN", "^NQEULMN", "^NQASPA3500LMAUDN", "^NQGXNALMJPYN", "^NQDMXKRMCN", "^NQDMXUS5000EUR", "^NQGB5000LMJPY", "^NQGXJPLMAUDN", "^NQUSLVN", "^NQG3500LMEUR", "^NQDMXUSXKRJPY", "^NQEMEA5700LMEUR", "^NQEMEALMAUDN", "^NQDXGBN", "^NQDMXKRLCGBP", "^NQDMXKRLM", "^NQDM3500LM", "^NQDMXKRLC", "^NQDMXNAXKRMCGBP", "^NQDMXJPLMJPYN", "^NQGXGBLM", "^NQNA5000LMCAD", "^NQDMXUSLMAUD", "^NQG3500LMAUDN", "^NQDMXKRN", "^NQDMXKRMCGBPN", "^NQASPAXJPLMJPY", "^NQASPALMCADN", "^NQASPA3000LMAUDN", "^NQDMXJPLMEURN", "^NQDMEULMEURN", "^NQDM3500LMEURN", "^NQEULMCAD", "^NQGB5700LMCADN", "^NQUSB5755LM", "^NQDMASPAXJPEURN", "^NQEU5700LMGBP", "^NQDMXJPLM", "^NQDMXKREUR", "^NQGXJPLMGBP", "^NQDMXKRLMEURN", "^NQG5000LMGBP", "^NQGXGBLMGBP", "^NQDM3000LMEUR", "^NQDMXKRMC", "^NQG5700LMEUR", "^NQDMASPAXJPJPYN", "^NQDMXNAXKRMCAUDN", "^NQGB5000LMCAD", "^NQDMEU5000LMJPY", "^NQDMXNAXKRLMGBP", "^NQDXUSMLTCV", "^NQDM3500LMJPYN", "^NQDMXNAXKRLCAUD", "^NQDXUSLCEURN", "^NQDMASPALMCADN", "^NQDMEU5700LMAUD", "^NQDMXUSXKRMCAUD", "^NQDMXKRLCAUD", "^NQDMXNAXKRMCCAD", "^NQGBLM", "^NQASPA3000LMEURN", "^NQGBLMGBPN", "^NQEMEA5700LMCADN", "^NQEU5700LMJPYN", "^NQNA5000LMGBP", "^NQG5700LMEURN", "^NQNA5000LM", "^NQEMEALMGBPN", "^NQGXJPLMEURN", "^NQUSB5700LMCADN", "^NQUSB5700LMJPY", "^NQASPAXJPLMCAD", "^NQAULMCADN", "^NQDMXUS3000N", "^NQDMEULMJPYN", "^NQDXUSLCGBP", "^NQGXUSLMN", "^NQGXJPLMN", "^NQNALMEUR", "^NQDMXUSXKRCAD", "^NQDM5700LMCADN", "^NQEMEA5000LMGBP", "^NQG5700LMJPYN", "^NQASPA3000LMGBP", "^NQGB5700LMN", "^NQEU5000LM", "^NQUSB5000LMAUDN", "^NQEU5000LMJPY", "^NQEU5700LMEURN", "^NQDMXNAXKRJPY", "^NQDMXGBLMGBPN", "^NQGXUSLMEURN", "^NQDMXNAXKRMCJPY", "^NQEU5000LMN", "^NQDMXKRCADN", "^NQEMEA5700LMN", "^NQGXGBLMCAD", "^NQDM5700LMEUR", "^NQG5000LMAUD", "^NQASPA3500LMAUD", "^NQUSB5000LMEUR", "^NQUSBLMGBPN", "^NQGXUSLMJPYN", "^NQGXJPLMAUD", "^NQDMXGBLMAUDN", "^NQEU5700LMN", "^NQDMASPAXJPLMN", "^NQDMXJPLMJPY", "^NQDMXUSXKRLMAUD", "^NQEMEA5000LMAUD", "^NQDMXNAXKRLCGBP", "^NQDM5000LMAUDN", "^NQDMEU5000LM", "^NQUSB5755LMJPY", "^NQDMXUSXKRMCGBP", "^NQUSB5700LM", "^NQASPA3500LMEURN", "^NQDM3000LMEURN", "^NQDMEU5000LMJPYN", "^NQDMXUSLMJPYN", "^NQDMXUSLM", "^NQDXAU", "^NQNALMJPYN", "^NQDMASPA3000LM", "^NQASPALMJPY", "^NQDMXNAXKRCAD", "^NQDMXNAXKRLMJPYN", "^NQDMASPAXJPGBP", "^NQASPA3500LMJPYN", "^NQDMXUSLMEURN", "^NQNA5700LMEUR", "^NQDMEULMEUR", "^NQDM3000LMJPYN", "^NQDMXKRMCGBP", "^NQDMXUSXKRLMGBPN", "^NQDMXUSXKRMCCADN", "^NQUSB5755LMCAD", "^NQUSBLMAUDN", "^NQDMASPA3500LMEUR", "^NQDMXNAXKRLMEURN", "^NQDMEU5700LMGBPN", "^NQDMXJPLMCAD", "^NQDMXKRMCAUDN", "^NQDMXKRLMGBP", "^NQDMXUSXKRLCAUDN", "^NQGXGBLMAUDN", "^NQASPA3500LMGBP", "^NQASPAXJPLMN", "^NQUS500LCN", "^NQASPALMCAD", "^NQDMEU5000LMEURN", "^NQDM5000LMAUD", "^NQEU5000LMCAD", "^NQASPA3000LMAUD", "^NQDMASPAXJPLMAUDN", "^NQGXUSLMEUR", "^NQG3500LMGBPN", "^NQUS500LCV"], "currency": "USD", "firstTradeDateMilliseconds": 554131800000, "priceHint": 2, "totalCash": 8176000000.0, "floatShares": 718573216, "ebitda": -650000000, "shortRatio": 2.55, "preMarketChange": 0.03999996, "preMarketChangePercent": 0.32520294, "preMarketTime": 1603978199, "targetPriceHigh": 31.0, "targetPriceLow": 10.0, "targetPriceMean": 16.62, "targetPriceMedian": 16.0, "preMarketPrice": 12.34, "heldPercentInsiders": 15.438, "heldPercentInstitutions": 76.118, "regularMarketChange": 0.029999733, "regularMarketChangePercent": 0.24390027, "regularMarketTime": 1603978206, "regularMarketPrice": 12.33, "regularMarketDayHigh": 12.36, "regularMarketDayRange": "12.3 - 12.36", "regularMarketDayLow": 12.3, "regularMarketVolume": 1147727, "sharesShort": 95883064, "sharesShortPrevMonth": 88405235, "shortPercentFloat": 20.46, "regularMarketPreviousClose": 12.3, "bid": 12.4, "ask": 12.45, "bidSize": 14, "askSize": 40, "exchange": "NYQ", "market": "us_market", "messageBoardId": "finmb_258823", "fullExchangeName": "NYSE", "shortName": "Carnival Corporation", "longName": "Carnival Corporation & Plc", "regularMarketOpen": 13.24, "averageDailyVolume3Month": 36418272, "averageDailyVolume10Day": 33046912, "beta": 1.970766, "fiftyTwoWeekLowChange": 4.5299997, "fiftyTwoWeekLowChangePercent": 0.5807692, "fiftyTwoWeekRange": "7.8 - 51.94", "fiftyTwoWeekHighChange": -39.61, "fiftyTwoWeekHighChangePercent": -0.76261073, "fiftyTwoWeekLow": 7.8, "fiftyTwoWeekHigh": 51.94, "dividendDate": 1584057600, "exDividendDate": 1582156800, "earningsTimestamp": 1602147180, "earningsTimestampStart": 1608289140, "earningsTimestampEnd": 1608638400, "trailingAnnualDividendRate": 1.0, "pegRatio": 0.05, "dividendsPerShare": 1.0, "trailingAnnualDividendYield": 0.08130081, "revenue": 10341999600.0, "priceToSales": 1.0768673, "marketState": "REGULAR", "epsTrailingTwelveMonths": -10.6, "epsForward": -3.97, "epsCurrentYear": -7.33, "epsNextQuarter": -1.75, "priceEpsCurrentYear": -1.6821282, "priceEpsNextQuarter": -7.0457144, "sharesOutstanding": 700028992, "bookValue": 22.757, "fiftyDayAverage": 15.14, "fiftyDayAverageChange": -2.8100004, "fiftyDayAverageChangePercent": -0.18560109, "twoHundredDayAverage": 15.391643, "twoHundredDayAverageChange": -3.0616426, "twoHundredDayAverageChangePercent": -0.19891591, "marketCap": 11136961536, "forwardPE": -3.1057935, "priceToBook": 0.5418113, "sourceInterval": 15, "exchangeDataDelayedBy": 0, "exchangeTimezoneName": "America/New_York", "exchangeTimezoneShortName": "EDT", "pageViews": {"midTermTrend": "UP", "longTermTrend": "UP", "shortTermTrend": "UP"}, "gmtOffSetMilliseconds": -14400000, "esgPopulated": false, "tradeable": false, "symbol": "CCL"}, {"language": "en-US", "region": "US", "quoteType": "EQUITY", "quoteSourceName": "Nasdaq Real Time Price", "triggerable": true, "quoteSummary": {"earnings": {"maxAge": 86400, "earningsChart": {"quarterly": [{"date": "3Q2019", "actual": 0.26, "estimate": 0.24}, {"date": "4Q2019", "actual": 0.38, "estimate": 0.42}, {"date": "1Q2020", "actual": 0.3, "estimate": 0.23}, {"date": "2Q2020", "actual": 0.34, "estimate": 0.24}], "currentQuarterEstimate": 0.13, "currentQuarterEstimateDate": "3Q", "currentQuarterEstimateYear": 2020, "earningsDate": [1604534400]}, "financialsChart": {"yearly": [{"date": 2016, "revenue": 270967000, "earnings": -45562000}, {"date": 2017, "revenue": 375612000, "earnings": -39714000}, {"date": 2018, "revenue": 512980000, "earnings": -63828000}, {"date": 2019, "revenue": 674860000, "earnings": -53746000}], "quarterly": [{"date": "3Q2019", "revenue": 173621000, "earnings": -14987000}, {"date": "4Q2019", "revenue": 186186000, "earnings": -10302000}, {"date": "1Q2020", "revenue": 198968000, "earnings": -17716000}, {"date": "2Q2020", "revenue": 203608000, "earnings": -29401000}]}, "financialCurrency": "USD"}}, "components": ["^NQDXUSSCGBPN", "^NQDMXKRAUDN", "^NQUS700SCGN", "^NQDMXKRSCEURN", "^NQDMXKRSCCAD", "^NQDMXKRSCN", "^NQDXUSMLTCGN", "^NQDMXKREURN", "^NQUSMLTCGN", "^NQUSSG", "^BGDNTR", "^NQDMXKRAUD", "^NQDMXKRSCJPYN", "^NQDMXKRSCCADN", "^NQDMXKRJPY", "^NQDMXKRN", "^NQUS700SCG", "^NQUSMLTCG", "^NQDXUSSCEUR", "^NQDMXKRSCAUD", "^NQDMXKRGBP", "^NQDMXKRJPYN", "^NQDMXKRSCJPY", "^NQDMXKRSCGBPN", "^NQUS700SCN", "^NQDXUSMLTCG", "^BGD", "^NQUS700SC", "^NQDMXKRCADN", "^NQDXUSSCGBP", "^NQDMXKREUR", "^NQDXUSSCEURN", "^NQDMXKRCAD", "^NQDXUSSCG", "^NQDXUSSCGN", "^NQDMXKRSCAUDN", "^NQDMXKRSCEUR", "^NQDMXKR", "^NQDMXKRSCGBP", "^NQUSSGN", "^NQDMXKRGBPN", "^NQDXUSSCN", "^NQDMXKRSC", "^NQDXUSSC"], "currency": "USD", "firstTradeDateMilliseconds": 1412861400000, "priceHint": 2, "totalCash": 1136077950.0, "floatShares": 43080419, "ebitda": -30811000, "shortRatio": 3.0, "targetPriceHigh": 365.0, "targetPriceLow": 200.0, "targetPriceMean": 290.92, "targetPriceMedian": 297.5, "heldPercentInsiders": 5.819, "heldPercentInstitutions": 93.921, "regularMarketChange": -7.01001, "regularMarketChangePercent": -2.3016844, "regularMarketTime": 1603978202, "regularMarketPrice": 297.55, "regularMarketDayHigh": 301.44, "regularMarketDayRange": "301.44 - 301.44", "regularMarketDayLow": 301.44, "regularMarketVolume": 4249, "sharesShort": 1325066, "sharesShortPrevMonth": 1191647, "shortPercentFloat": 3.5, "regularMarketPreviousClose": 304.56, "bid": 285.0, "ask": 350.0, "bidSize": 8, "askSize": 9, "exchange": "NYQ", "market": "us_market", "messageBoardId": "finmb_27629813", "fullExchangeName": "NYSE", "shortName": "HubSpot, Inc.", "longName": "HubSpot, Inc.", "regularMarketOpen": 300.0, "averageDailyVolume3Month": 483941, "averageDailyVolume10Day": 334800, "beta": 1.629343, "fiftyTwoWeekLowChange": 206.715, "fiftyTwoWeekLowChangePercent": 2.2757196, "fiftyTwoWeekRange": "90.835 - 330.716", "fiftyTwoWeekHighChange": -33.166016, "fiftyTwoWeekHighChangePercent": -0.100285485, "fiftyTwoWeekLow": 90.835, "fiftyTwoWeekHigh": 330.716, "earningsTimestamp": 1604610000, "earningsTimestampStart": 1604610000, "earningsTimestampEnd": 1604610000, "pegRatio": 16.03, "dividendsPerShare": 0.0, "revenue": 762382020.0, "priceToSales": 17.783207, "marketState": "REGULAR", "epsTrailingTwelveMonths": -1.677, "epsForward": 1.36, "epsCurrentYear": 0.95, "epsNextQuarter": 0.18, "priceEpsCurrentYear": 313.2105, "priceEpsNextQuarter": 1653.0554, "sharesOutstanding": 45564100, "bookValue": 15.931, "fiftyDayAverage": 297.03915, "fiftyDayAverageChange": 0.51083374, "fiftyDayAverageChangePercent": 0.0017197522, "twoHundredDayAverage": 238.27328, "twoHundredDayAverageChange": 59.276703, "twoHundredDayAverageChangePercent": 0.24877612, "marketCap": 13557597184, "forwardPE": 218.78676, "priceToBook": 18.677422, "sourceInterval": 15, "exchangeDataDelayedBy": 0, "exchangeTimezoneName": "America/New_York", "exchangeTimezoneShortName": "EDT", "pageViews": {"midTermTrend": "UP", "longTermTrend": "UP", "shortTermTrend": "DOWN"}, "gmtOffSetMilliseconds": -14400000, "esgPopulated": false, "tradeable": false, "symbol": "HUBS"}, {"language": "en-US", "region": "US", "quoteType": "EQUITY", "quoteSourceName": "Nasdaq Real Time Price", "triggerable": true, "quoteSummary": {"earnings": {"maxAge": 86400, "earningsChart": {"quarterly": [{"date": "3Q2019", "actual": -2.38, "estimate": -2.43}, {"date": "4Q2019", "actual": -0.39, "estimate": -0.26}, {"date": "1Q2020", "actual": -0.23, "estimate": -0.26}, {"date": "2Q2020", "actual": -0.16, "estimate": -0.27}], "currentQuarterEstimate": -0.17, "currentQuarterEstimateDate": "3Q", "currentQuarterEstimateYear": 2020, "earningsDate": [1590624000]}, "financialsChart": {"yearly": [{"date": 2016, "revenue": 0, "earnings": -3517549000}, {"date": 2017, "revenue": 0, "earnings": -7561669000}, {"date": 2018, "revenue": 4951171000, "earnings": -23327862000}, {"date": 2019, "revenue": 7824904000, "earnings": -11413101000}], "quarterly": [{"date": "3Q2019", "revenue": 1836844000, "earnings": -2553615000}, {"date": "4Q2019", "revenue": 2848329000, "earnings": -2893801000}, {"date": "1Q2020", "revenue": 1371952000, "earnings": -1722837000}, {"date": "2Q2020", "revenue": 3718930000, "earnings": -1207847000}]}, "financialCurrency": "CNY"}}, "currency": "USD", "firstTradeDateMilliseconds": 1536759000000, "priceHint": 2, "floatShares": 978424901, "shortRatio": 0.6, "preMarketChange": 1.0199986, "preMarketChangePercent": 3.7050438, "preMarketTime": 1603978198, "targetPriceHigh": 33.15, "targetPriceLow": 6.49, "targetPriceMean": 19.29, "targetPriceMedian": 16.97, "preMarketPrice": 28.55, "heldPercentInsiders": 0.723, "heldPercentInstitutions": 42.286, "regularMarketChange": 1.0100002, "regularMarketChangePercent": 3.671393, "regularMarketTime": 1603978207, "regularMarketPrice": 28.52, "regularMarketDayHigh": 28.55, "regularMarketDayRange": "28.49 - 28.55", "regularMarketDayLow": 28.49, "regularMarketVolume": 3854458, "sharesShort": 60873843, "sharesShortPrevMonth": 63229509, "regularMarketPreviousClose": 27.51, "bid": 28.47, "ask": 28.48, "bidSize": 30, "askSize": 32, "exchange": "NYQ", "market": "us_market", "messageBoardId": "finmb_311626862", "fullExchangeName": "NYSE", "shortName": "NIO Inc.", "longName": "NIO Limited", "regularMarketOpen": 27.92, "averageDailyVolume3Month": 105937901, "averageDailyVolume10Day": 84528762, "beta": 2.776571, "fiftyTwoWeekLowChange": 27.08, "fiftyTwoWeekLowChangePercent": 18.805555, "fiftyTwoWeekRange": "1.44 - 29.4", "fiftyTwoWeekHighChange": -0.87999916, "fiftyTwoWeekHighChangePercent": -0.029931944, "fiftyTwoWeekLow": 1.44, "fiftyTwoWeekHigh": 29.4, "dividendDate": 1462147200, "earningsTimestamp": 1590669000, "earningsTimestampStart": 1590669000, "earningsTimestampEnd": 1590669000, "pegRatio": 1737.87, "dividendsPerShare": 0.0, "marketState": "REGULAR", "epsTrailingTwelveMonths": -44.102, "epsForward": -0.48, "epsCurrentYear": -0.71, "epsNextQuarter": -0.15, "priceEpsCurrentYear": -40.169018, "priceEpsNextQuarter": -190.13333, "sharesOutstanding": 1222630016, "bookValue": 6.078, "fiftyDayAverage": 22.184166, "fiftyDayAverageChange": 6.3358345, "fiftyDayAverageChangePercent": 0.28560165, "twoHundredDayAverage": 12.431571, "twoHundredDayAverageChange": 16.088428, "twoHundredDayAverageChangePercent": 1.2941589, "marketCap": 34869407744, "forwardPE": -59.416668, "priceToBook": 4.692333, "sourceInterval": 15, "exchangeDataDelayedBy": 0, "exchangeTimezoneName": "America/New_York", "exchangeTimezoneShortName": "EDT", "pageViews": {"midTermTrend": "UP", "longTermTrend": "UP", "shortTermTrend": "DOWN"}, "gmtOffSetMilliseconds": -14400000, "esgPopulated": false, "tradeable": false, "symbol": "NIO"}, {"language": "en-US", "region": "US", "quoteType": "EQUITY", "quoteSourceName": "Nasdaq Real Time Price", "triggerable": true, "quoteSummary": {"earnings": {"maxAge": 86400, "earningsChart": {"quarterly": [{"date": "3Q2019", "actual": 4.27, "estimate": 4.31}, {"date": "4Q2019", "actual": 1.42, "estimate": 1.42}, {"date": "1Q2020", "actual": -1.48, "estimate": -0.63}, {"date": "2Q2020", "actual": -6.13, "estimate": -4.82}], "currentQuarterEstimate": -5.12, "currentQuarterEstimateDate": "3Q", "currentQuarterEstimateYear": 2020, "earningsDate": [1603929600]}, "financialsChart": {"yearly": [{"date": 2016, "revenue": 8496401000, "earnings": 1283388000}, {"date": 2017, "revenue": 8777845000, "earnings": 1625133000}, {"date": 2018, "revenue": 9493849000, "earnings": 1811042000}, {"date": 2019, "revenue": 10950661000, "earnings": 1878887000}], "quarterly": [{"date": "3Q2019", "revenue": 3186850000, "earnings": 883240000}, {"date": "4Q2019", "revenue": 2517413000, "earnings": 273136000}, {"date": "1Q2020", "revenue": 2032750000, "earnings": -1444479000}, {"date": "2Q2020", "revenue": 175605000, "earnings": -1639292000}]}, "financialCurrency": "USD"}}, "components": ["^NQDMXJPLMAUD", "^NQUSBLM", "^NQG5700LMCADN", "^NQDM5700LMJPYN", "^NQDM5000LMGBPN", "^NQDM5700LM", "^NQDM5700LMEURN", "^NQUSB5000LM", "^NQNALMEURN", "^NQUSBLMCAD", "^NQDMXKRJPYN", "^NQDMXKRLMAUDN", "^NQG5700LMGBP", "^NQNA5000LMAUDN", "^NQDM5700LMN", "^NQDMXJPLMAUDN", "^NQDMXKRLMAUD", "^NQUSBLMJPY", "^NQUSB5000LMGBPN", "^NQDM5000LM", "^NQDM5000LMGBP", "^NQGXGBLMN", "^NQUS500LCVN", "^NQDMXKRLCJPY", "^NQUSB5700LMEUR", "^NQG5000LMEUR", "^WEALTHGN", "^NQDXUSLCEUR", "^NQG5000LMCAD", "^WEALTHGL", "^NQNA5000LMAUD", "^NQDM5000LMN", "^NQDMXKRAUD", "^NQUSB5755LMGBPN", "^NQDMXKRLMGBPN", "^NQDXUSMLTCVN", "^NQGXGBLMGBPN", "^NQNA5000LMCADN", "^NQGXJPLMJPYN", "^NQNALMCADN", "^NQUSBLMEUR", "^NQNALMJPY", "^NQG5700LMAUD", "^NQG5000LMJPY", "^NQGXGBLMJPY", "^NQUSB5700LMN", "^NQGXJPLMJPY", "^NQDMXKR", "^NQDMXGBLMCADN", "^NQDM5700LMJPY", "^NQUSB5700LMCAD", "^NQDMXKRLCN", "^NQGXGBLMEURN", "^NQGXJPLMCAD", "^NQUSB5000LMGBP", "^NQGXJPLMEUR", "^NQNA5700LMEURN", "^NQUSB5755LMAUDN", "^NQDMXJPLMGBPN", "^NQDMXJPLMN", "^NQNA5000LMJPY", "^NQUSB5755LMAUD", "^NQDMXKRLCJPYN", "^NQDMXKRLMCADN", "^NQNA5000LMGBPN", "^NQDMXKRLCEUR", "^NQUSB5700LMGBP", "^NQDXUSLC", "^NQGXGBLMJPYN", "^NQNA5700LM", "^NQUSBLMEURN", "^NQDMXKRJPY", "^NQDMXKRLCCAD", "^NQDMXKRLCEURN", "^INW", "^NQGXJPLMGBPN", "^NQNALM", "^NQUS500LC", "^NQDMXGBLMJPY", "^NQUSMLTCV", "^NQNALMAUD", "^NQG5700LMN", "^NQDXUSLCN", "^NQNA5700LMJPYN", "^NQG5000LMEURN", "^NQGXGBLMAUD", "^NQDM5700LMAUD", "^NQDXUSLCV", "^NQUSBLMN", "^NQDMXJPLMGBP", "^NQUSB5000LMAUD", "^NQG5000LMJPYN", "^NQDMXKRLMEUR", "^NQUSB5000LMEURN", "^NQDM5700LMGBPN", "^NQUSB5755LMGBP", "^NQNALMAUDN", "^NQDM5000LMCAD", "^NQDMXKRLMCAD", "^NQDMXGBLM", "^NQDMXGBLMJPYN", "^NQNA5700LMGBP", "^NQUSB5755LMCADN", "^NQDM5000LMEUR", "^NQDM5000LMJPYN", "^NQDMXKRLMJPY", "^NQG5700LMAUDN", "^NQG5000LM", "^NQUSBLMJPYN", "^NQDMXGBLMCAD", "^NQUSB5000LMJPYN", "^NQUSLG", "^NQDMXGBLMEURN", "^NQDMXKRGBPN", "^NQDMXGBLMEUR", "^NQDM5000LMEURN", "^NQDMXKRAUDN", "^NQDMXKRLMJPYN", "^NQUSBLMCADN", "^NQDMXGBLMN", "^NQNALMGBPN", "^NQGXGBLMCADN", "^NQG5700LM", "^NQDMXKRLCCADN", "^NQGXJPLMCADN", "^NQUSB5700LMGBPN", "^NQDM5700LMAUDN", "^NQG5700LMJPY", "^NQGXJPLM", "^NQUSB5000LMN", "^NQUSBLMGBP", "^NQNA5700LMAUD", "^NQNALMN", "^NQG5000LMCADN", "^NQUSLGN", "^NQUSB5700LMAUDN", "^NQNA5700LMCADN", "^NQDM5000LMJPY", "^NQGXJPLMAUDN", "^NQUSB5000LMCADN", "^NQDMXKRLCGBP", "^NQDMXKRLM", "^NQDMXKRLC", "^NQNALMGBP", "^NQNA5700LMAUDN", "^NQUSB5700LMAUD", "^NQDMXJPLMJPYN", "^NQGXGBLM", "^NQNA5000LMCAD", "^NQG5700LMGBPN", "^NQDMXKRN", "^NQNA5000LMEUR", "^NQUSMLTCVN", "^NQDM5000LMCADN", "^NQDMXJPLMEURN", "^NQUSB5755LMJPYN", "^NQUSB5755LM", "^NQDMXJPLM", "^NQG5000LMN", "^NQDMXKREUR", "^NQGXJPLMGBP", "^NQDMXKRLMEURN", "^NQUSBLMAUD", "^NQDM5700LMGBP", "^NQG5000LMGBP", "^NQGXGBLMGBP", "^NQDMXKRCAD", "^NQG5700LMEUR", "^NQG5700LMCAD", "^NQUSB5755LMEURN", "^NQDXUSMLTCV", "^NQDXUSLCEURN", "^NQUSB5000LMJPY", "^NQG5000LMGBPN", "^NQDMXKRLCAUD", "^NQNALMCAD", "^NQNA5000LMGBP", "^NQG5700LMEURN", "^NQNA5000LM", "^NQGXJPLMEURN", "^NQUSB5700LMCADN", "^NQUSB5700LMJPY", "^NQDXUSLCGBP", "^INWNTR", "^NQGXJPLMN", "^NQUSB5755LMEUR", "^NQNALMEUR", "^NQNA5700LMN", "^NQDM5700LMCADN", "^NQG5700LMJPYN", "^NQGXGBLMEUR", "^NQDMXKRGBP", "^NQUSB5000LMAUDN", "^NQDM5700LMCAD", "^NQDMXGBLMGBPN", "^NQUSB5755LMN", "^NQDMXKRCADN", "^NQGXGBLMCAD", "^NQDMXGBLMGBP", "^NQDMXKRLCAUDN", "^NQDM5700LMEUR", "^NQDXUSLCGBPN", "^NQG5000LMAUD", "^NQUSB5000LMCAD", "^NQUSB5000LMEUR", "^NQUSBLMGBPN", "^NQDMXKRLMN", "^NQGXJPLMAUD", "^NQDMXGBLMAUDN", "^NQDMXJPLMJPY", "^NQDMXKRLCGBPN", "^NQNA5000LMJPYN", "^NQDM5000LMAUDN", "^NQUSB5755LMJPY", "^NQUSB5700LM", "^NQDMXKREURN", "^NQNALMJPYN", "^NQG5000LMAUDN", "^NQNA5700LMCAD", "^NQDMXJPLMCADN", "^NQNA5000LMEURN", "^NQNA5700LMEUR", "^NQDMXGBLMAUD", "^NQUSB5700LMJPYN", "^NQNA5000LMN", "^NQUSB5755LMCAD", "^NQUSBLMAUDN", "^NQNA5700LMJPY", "^NQDMXJPLMCAD", "^NQDMXJPLMEUR", "^NQUSB5700LMEURN", "^NQDMXKRLMGBP", "^NQDXUSLCVN", "^NQGXGBLMAUDN", "^NQNA5700LMGBPN", "^NQUS500LCN", "^NQDM5000LMAUD", "^NQUS500LCV"], "currency": "USD", "firstTradeDateMilliseconds": 736003800000, "priceHint": 2, "totalCash": 4146691070.0, "floatShares": 211868667, "ebitda": 1167837056, "shortRatio": 2.52, "preMarketChange": -0.27000046, "preMarketChangePercent": -0.50828403, "preMarketTime": 1603978188, "targetPriceHigh": 80.0, "targetPriceLow": 34.0, "targetPriceMean": 59.92, "targetPriceMedian": 60.0, "preMarketPrice": 52.85, "heldPercentInsiders": 18.448, "heldPercentInstitutions": 75.897, "regularMarketChange": 0.010002136, "regularMarketChangePercent": 0.018829323, "regularMarketTime": 1603978201, "regularMarketPrice": 53.13, "regularMarketDayHigh": 53.13, "regularMarketDayRange": "53.13 - 53.13", "regularMarketDayLow": 53.13, "regularMarketVolume": 89599, "sharesShort": 19002280, "sharesShortPrevMonth": 19261142, "shortPercentFloat": 10.79, "regularMarketPreviousClose": 53.12, "bid": 53.2, "ask": 54.0, "bidSize": 13, "askSize": 22, "exchange": "NYQ", "market": "us_market", "messageBoardId": "finmb_325643", "fullExchangeName": "NYSE", "shortName": "D/B/A Royal Caribbean Cruises L", "longName": "Royal Caribbean Group", "regularMarketOpen": 55.13, "averageDailyVolume3Month": 8040458, "averageDailyVolume10Day": 6819275, "beta": 2.685603, "fiftyTwoWeekLowChange": 33.88, "fiftyTwoWeekLowChangePercent": 1.7600001, "fiftyTwoWeekRange": "19.25 - 135.32", "fiftyTwoWeekHighChange": -82.19, "fiftyTwoWeekHighChangePercent": -0.6073751, "fiftyTwoWeekLow": 19.25, "fiftyTwoWeekHigh": 135.32, "dividendDate": 1586131200, "exDividendDate": 1583366400, "earningsTimestamp": 1603974600, "earningsTimestampStart": 1603974600, "earningsTimestampEnd": 1603974600, "trailingAnnualDividendRate": 2.34, "pegRatio": 0.19, "dividendsPerShare": 2.34, "trailingAnnualDividendYield": 0.044051204, "revenue": 7912618000.0, "priceToSales": 1.497945, "marketState": "REGULAR", "epsTrailingTwelveMonths": -9.209, "epsForward": -9.71, "epsCurrentYear": -17.51, "epsNextQuarter": -4.9, "priceEpsCurrentYear": -3.0342662, "priceEpsNextQuarter": -10.842857, "sharesOutstanding": 223088000, "bookValue": 42.81, "fiftyDayAverage": 64.281944, "fiftyDayAverageChange": -11.151943, "fiftyDayAverageChangePercent": -0.17348485, "twoHundredDayAverage": 54.721786, "twoHundredDayAverageChange": -1.5917854, "twoHundredDayAverageChangePercent": -0.029088696, "marketCap": 11852665856, "forwardPE": -5.4716787, "priceToBook": 1.2410651, "sourceInterval": 15, "exchangeDataDelayedBy": 0, "exchangeTimezoneName": "America/New_York", "exchangeTimezoneShortName": "EDT", "pageViews": {"midTermTrend": "UP", "longTermTrend": "UP", "shortTermTrend": "DOWN"}, "gmtOffSetMilliseconds": -14400000, "esgPopulated": false, "tradeable": false, "symbol": "RCL"}, {"language": "en-US", "region": "US", "quoteType": "EQUITY", "quoteSourceName": "Nasdaq Real Time Price", "triggerable": true, "quoteSummary": {"earnings": {"maxAge": 86400, "earningsChart": {"quarterly": [{"date": "3Q2019", "actual": 0.17, "estimate": 0.2}, {"date": "4Q2019", "actual": 0.25, "estimate": 0.29}, {"date": "1Q2020", "actual": 0.11, "estimate": 0.1}, {"date": "2Q2020", "actual": -1.39, "estimate": 0.0}], "currentQuarterEstimate": 0.06, "currentQuarterEstimateDate": "3Q", "currentQuarterEstimateYear": 2020, "earningsDate": [1603929600]}, "financialsChart": {"yearly": [{"date": 2016, "revenue": 2529619000, "earnings": -456873000}, {"date": 2017, "revenue": 2443299000, "earnings": -108063000}, {"date": 2018, "revenue": 3042359000, "earnings": 1205596000}, {"date": 2019, "revenue": 3459329000, "earnings": 1465659000}], "quarterly": [{"date": "3Q2019", "revenue": 823717000, "earnings": 36522000}, {"date": "4Q2019", "revenue": 1007341000, "earnings": 118773000}, {"date": "1Q2020", "revenue": 807637000, "earnings": -8396000}, {"date": "2Q2020", "revenue": 683438000, "earnings": -1378005000}]}, "financialCurrency": "USD"}}, "components": ["^NQDMXJPLMAUD", "^NQDMXKRAUDN", "^NQDMXKRLMJPYN", "^NQUSBLMCADN", "^NQUSBLM", "^NQDMXGBLMN", "^NQNALMGBPN", "^NQGXGBLMCADN", "^NQUS500LCGN", "^NQDMXKRLCCADN", "^NQUSB9535LMGBP", "^NQGXJPLMCADN", "^NQUSB9535LMJPY", "^NQNALMEURN", "^NQUSB9000LMJPYN", "^NQUSB9530LM", "^NQUSBLMCAD", "^NQUSB9000LMEURN", "^NQGXJPLM", "^NQUSB9535LMCAD", "^NQDMXKRJPYN", "^NQDMXKRLMAUDN", "^NQNA9000LMAUD", "^NQUSB9535LMEUR", "^NQNA9000LMGBPN", "^NQUSBLMGBP", "^NQNALMN", "^NQDMXJPLMAUDN", "^NQDMXKRLMAUD", "^NQUSBLMJPY", "^NQUSB9000LMAUD", "^NQUSLGN", "^NQNA9000LMEUR", "^NQNA9000LMCAD", "^NQGXGBLMN", "^NQNA9000LM", "^NQDMXKRLCJPY", "^NQUSB9000LMEUR", "^NQGXJPLMAUDN", "^NQUSB9530LMEURN", "^NQUSB9000LMCAD", "^NQUSB9530LMAUD", "^NQDMXKRLCGBP", "^NQDMXKRLM", "^NQDM9000LMGBP", "^NQUSMLTCGN", "^NQDM9000LMJPY", "^NQDMXKRLC", "^NQNALMGBP", "^NQDMXJPLMJPYN", "^NQG9000LMEUR", "^NQG9000LMCADN", "^NQGXGBLM", "^NQDMXKRAUD", "^NQG9000LMCAD", "^NQDMXKRLMGBPN", "^NQGXGBLMGBPN", "^NQDM9000LMEURN", "^NQDMXKRN", "^QTW", "^NQGXJPLMJPYN", "^NQNALMCADN", "^NQUSBLMEUR", "^NQDMXJPLMEURN", "^NQG9000LMGBP", "^NQG9000LMJPY", "^NQDM9000LMJPYN", "^NQNA9000LMJPYN", "^NQNALMJPY", "^NQDMXJPLM", "^NQDMXKREUR", "^NQGXGBLMJPY", "^NQGXJPLMGBP", "^NQDM9000LMAUDN", "^NQDMXKRLMEURN", "^NQUSBLMAUD", "^NQGXGBLMGBP", "^NQDMXKRCAD", "^NQNA9000LMEURN", "^NQUSB9535LMCADN", "^NQGXJPLMJPY", "^NQUSB9530LMCAD", "^NQUSB9530LMGBPN", "^NQDMXKR", "^NQDMXGBLMCADN", "^NQUSB9530LMEUR", "^NQUSB9000LMAUDN", "^NQUSB9000LMGBP", "^NQUSB9000LMJPY", "^NQDMXKRLCN", "^NQGXGBLMEURN", "^NQNA9000LMAUDN", "^NQG9000LMAUDN", "^NQGXJPLMCAD", "^NQUSB9530LMN", "^NQDMXKRLCAUD", "^NQGXJPLMEUR", "^NQNALMCAD", "^NQUSB9530LMGBP", "^NQDMXJPLMGBPN", "^NQUSB9530LMJPY", "^NQDMXJPLMN", "^XCI", "^NQDM9000LMAUD", "^NQDMXKRLCJPYN", "^NQDMXKRLMCADN", "^NQGXJPLMEURN", "^NQDMXKRLCEUR", "^NQDM9000LM", "^NQUSB9000LMN", "^NQGXGBLMJPYN", "^NQG9000LMJPYN", "^NQGXJPLMN", "^NQNALMEUR", "^NQUSBLMEURN", "^NQDMXKRJPY", "^NQDMXKRLCCAD", "^NQDMXKRLCEURN", "^NQUSB9535LMAUDN", "^NQUSMLTCG", "^NQG9000LMAUD", "^NQGXGBLMEUR", "^NQDMXKRGBP", "^NQDM9000LMEUR", "^NQGXJPLMGBPN", "^NQUSB9000LMCADN", "^NQDM9000LMCAD", "^NQDMXGBLMGBPN", "^NQNALM", "^NQUS500LC", "^NQDMXGBLMJPY", "^NQDMXKRCADN", "^NQGXGBLMCAD", "^NQDMXGBLMGBP", "^NQDMXKRLCAUDN", "^NQDM9000LMGBPN", "^NQNALMAUD", "^NQNA9000LMN", "^NQG9000LM", "^NQGXGBLMAUD", "^NQUSBLMGBPN", "^QNET", "^NQDMXKRLMN", "^NQUSB9530LMCADN", "^NQUSB9530LMJPYN", "^NQUSB9535LMGBPN", "^NQUSBLMN", "^NQDMXJPLMGBP", "^NQGXJPLMAUD", "^NQDMXGBLMAUDN", "^NQUSB9000LM", "^NQDMXJPLMJPY", "^NQDMXKRLCGBPN", "^NQDMXKRLMEUR", "^NQUSB9535LMAUD", "^NQUS500LCG", "^NQNALMAUDN", "^NQDMXKREURN", "^NQNALMJPYN", "^NQUSB9000LMGBPN", "^NQG9000LMEURN", "^NQG9000LMGBPN", "^NQDM9000LMCADN", "^NQDMXJPLMCADN", "^NQDMXKRLMCAD", "^NQDMXGBLM", "^NQUSB9535LM", "^NQDMXGBLMAUD", "^NQUSB9530LMAUDN", "^NQUSBLMAUDN", "^NQNA9000LMJPY", "^NQNA9000LMGBP", "^NQDMXGBLMJPYN", "^NQG9000LMN", "^NQDMXJPLMCAD", "^NQDMXJPLMEUR", "^NQDMXKRLMJPY", "^NQUSB9535LMEURN", "^NQDMXKRLMGBP", "^NQGXGBLMAUDN", "^NQUSBLMJPYN", "^NQUS500LCN", "^NQDM9000LMN", "^NQDMXGBLMCAD", "^NQUSB9535LMN", "^NQUSLG", "^NQDMXGBLMEURN", "^NQDMXKRGBPN", "^NQDMXGBLMEUR", "^NQNA9000LMCADN", "^NQUSB9535LMJPYN"], "currency": "USD", "firstTradeDateMilliseconds": 1383834600000, "priceHint": 2, "totalCash": 7766014000.0, "floatShares": 770647165, "ebitda": 280600992, "shortRatio": 1.78, "preMarketChange": 3.3500023, "preMarketChangePercent": 6.9001083, "preMarketTime": 1603978199, "targetPriceHigh": 59.75, "targetPriceLow": 19.0, "targetPriceMean": 40.99, "targetPriceMedian": 40.0, "preMarketPrice": 51.9, "heldPercentInsiders": 3.586, "heldPercentInstitutions": 72.438, "regularMarketChange": 3.460003, "regularMarketChangePercent": 7.129617, "regularMarketTime": 1603978203, "regularMarketPrice": 51.99, "regularMarketDayHigh": 52.0, "regularMarketDayRange": "51.78 - 52.0", "regularMarketDayLow": 51.78, "regularMarketVolume": 850348, "sharesShort": 32116864, "sharesShortPrevMonth": 29590166, "shortPercentFloat": 4.64, "regularMarketPreviousClose": 48.53, "bid": 51.53, "ask": 51.6, "bidSize": 8, "askSize": 13, "exchange": "NYQ", "market": "us_market", "messageBoardId": "finmb_35962803", "fullExchangeName": "NYSE", "shortName": "Twitter, Inc.", "longName": "Twitter, Inc.", "regularMarketOpen": 49.6, "averageDailyVolume3Month": 15568270, "averageDailyVolume10Day": 18181387, "beta": 0.811913, "fiftyTwoWeekLowChange": 31.990002, "fiftyTwoWeekLowChangePercent": 1.5995001, "fiftyTwoWeekRange": "20.0 - 52.0", "fiftyTwoWeekHighChange": -0.0099983215, "fiftyTwoWeekHighChangePercent": -0.00019227542, "fiftyTwoWeekLow": 20.0, "fiftyTwoWeekHigh": 52.0, "earningsTimestamp": 1604001600, "earningsTimestampStart": 1604001600, "earningsTimestampEnd": 1604001600, "pegRatio": 1.57, "dividendsPerShare": 0.0, "revenue": 3322132990.0, "priceToSales": 12.378023, "marketState": "REGULAR", "epsTrailingTwelveMonths": -1.58, "epsForward": 0.76, "epsCurrentYear": -0.86, "epsNextQuarter": 0.23, "priceEpsCurrentYear": -60.45349, "priceEpsNextQuarter": 226.04349, "sharesOutstanding": 790948992, "bookValue": 9.716, "fiftyDayAverage": 44.756668, "fiftyDayAverageChange": 7.2333336, "fiftyDayAverageChangePercent": 0.16161466, "twoHundredDayAverage": 36.630215, "twoHundredDayAverageChange": 15.359787, "twoHundredDayAverageChangePercent": 0.41932014, "marketCap": 41121439744, "forwardPE": 68.4079, "priceToBook": 5.350968, "sourceInterval": 15, "exchangeDataDelayedBy": 0, "exchangeTimezoneName": "America/New_York", "exchangeTimezoneShortName": "EDT", "pageViews": {"midTermTrend": "UP", "longTermTrend": "UP", "shortTermTrend": "UP"}, "gmtOffSetMilliseconds": -14400000, "esgPopulated": false, "tradeable": false, "symbol": "TWTR"}], "error": null}}